Timestamp,Trade Price,Trade Volume,Best Bid,Bid Size,Best Ask,Ask Size,Upper Limit,Lower Limit,Turnover,Calc VWAP,Flow
2016-06-28T16:59:58.536,,,48.10,1,48.11,16,56.33,36.33,,,
2016-06-28T16:59:58.446,,,48.10,1,48.11,17,56.33,36.33,,,
2016-06-28T16:59:57.596,,,48.10,1,48.11,16,56.33,36.33,,,
2016-06-28T16:59:57.586,48.11,1,48.10,1,48.11,17,56.33,36.33,48.11,47.93,35265.20
2016-06-28T16:59:57.376,,,48.10,1,48.11,17,56.33,36.33,,,
2016-06-28T16:59:56.506,,,48.10,1,48.11,2,56.33,36.33,,,
2016-06-28T16:59:56.496,48.10,1,48.10,2,48.11,2,56.33,36.33,48.10,47.93,35217.09
2016-06-28T16:59:55.375,,,48.10,2,48.11,2,56.33,36.33,,,
2016-06-28T16:59:54.476,,,48.10,2,48.11,3,56.33,36.33,,,
2016-06-28T16:59:54.476,48.10,1,48.10,3,48.11,3,56.33,36.33,48.10,47.93,35265.19
2016-06-28T16:59:53.976,,,48.10,3,48.11,3,56.33,36.33,,,
2016-06-28T16:59:53.895,,,48.10,3,48.11,1,56.33,36.33,,,
2016-06-28T16:59:53.876,,,48.10,3,48.12,13,56.33,36.33,,,
2016-06-28T16:59:53.865,48.10,1,48.10,4,48.12,13,56.33,36.33,48.10,47.93,35313.29
2016-06-28T16:59:53.146,,,48.10,4,48.12,13,56.33,36.33,,,
2016-06-28T16:59:52.646,,,48.10,4,48.12,14,56.33,36.33,,,
2016-06-28T16:59:52.646,48.11,1,48.10,4,48.11,1,56.33,36.33,48.11,47.93,35361.39
2016-06-28T16:59:51.886,,,48.10,4,48.11,1,56.33,36.33,,,
2016-06-28T16:59:51.667,,,48.10,4,48.12,14,56.33,36.33,,,
2016-06-28T16:59:51.586,,,48.10,4,48.12,15,56.33,36.33,,,
2016-06-28T16:59:51.164,,,48.10,4,48.12,12,56.33,36.33,,,
2016-06-28T16:59:50.174,,,48.10,4,48.11,1,56.33,36.33,,,
2016-06-28T16:59:50.045,,,48.10,4,48.11,2,56.33,36.33,,,
2016-06-28T16:59:50.045,,,48.10,4,48.11,1,56.33,36.33,,,
2016-06-28T16:59:50.045,,,48.10,4,48.12,11,56.33,36.33,,,
2016-06-28T16:59:50.045,48.10,76,48.10,5,48.12,11,56.33,36.33,3655.60,47.93,35313.28
2016-06-28T16:59:48.585,,,48.10,5,48.12,11,56.33,36.33,,,
2016-06-28T16:59:47.114,,,48.10,5,48.12,14,56.33,36.33,,,
2016-06-28T16:59:45.665,,,48.10,3,48.12,14,56.33,36.33,,,
2016-06-28T16:59:45.514,,,48.10,3,48.12,15,56.33,36.33,,,
2016-06-28T16:59:45.514,,,48.10,2,48.12,15,56.33,36.33,,,
2016-06-28T16:59:45.175,,,48.10,1,48.12,15,56.33,36.33,,,
2016-06-28T16:59:45.145,,,48.09,3,48.12,15,56.33,36.33,,,
2016-06-28T16:59:45.145,,,48.09,3,48.12,16,56.33,36.33,,,
2016-06-28T16:59:45.145,,,48.09,3,48.12,17,56.33,36.33,,,
2016-06-28T16:59:45.145,,,48.09,4,48.12,17,56.33,36.33,,,
2016-06-28T16:59:45.145,,,48.10,1,48.12,17,56.33,36.33,,,
2016-06-28T16:59:45.145,,,48.09,3,48.12,17,56.33,36.33,,,
2016-06-28T16:59:45.145,,,48.09,3,48.12,18,56.33,36.33,,,
2016-06-28T16:59:45.145,,,48.09,3,48.11,6,56.33,36.33,,,
2016-06-28T16:59:45.145,48.12,1,48.09,3,48.10,1,56.33,36.33,48.12,47.93,38968.88
2016-06-28T16:59:45.145,48.11,6,48.09,3,48.10,1,56.33,36.33,288.66,47.93,38920.76
2016-06-28T16:59:45.145,48.10,1,48.09,3,48.10,1,56.33,36.33,48.10,47.93,38632.10
2016-06-28T16:59:44.805,,,48.09,3,48.10,1,56.33,36.33,,,
2016-06-28T16:59:44.274,,,48.09,4,48.10,1,56.33,36.33,,,
2016-06-28T16:59:44.274,,,48.09,4,48.11,6,56.33,36.33,,,
2016-06-28T16:59:44.274,48.11,2,48.09,4,48.11,8,56.33,36.33,96.22,47.93,38680.20
2016-06-28T16:59:43.225,,,48.09,4,48.11,8,56.33,36.33,,,
2016-06-28T16:59:43.185,,,48.09,3,48.11,8,56.33,36.33,,,
2016-06-28T16:59:43.185,,,48.09,2,48.11,8,56.33,36.33,,,
2016-06-28T16:59:43.175,48.10,2,48.09,2,48.10,2,56.33,36.33,96.20,47.93,38583.98
2016-06-28T16:59:42.695,,,48.09,2,48.10,2,56.33,36.33,,,
2016-06-28T16:59:42.695,,,48.09,3,48.10,2,56.33,36.33,,,
2016-06-28T16:59:42.395,,,48.09,2,48.10,2,56.33,36.33,,,
2016-06-28T16:59:42.395,,,48.09,1,48.10,2,56.33,36.33,,,
2016-06-28T16:59:42.375,48.10,1,48.09,1,48.10,3,56.33,36.33,48.10,47.93,38487.78
2016-06-28T16:59:41.735,,,48.09,1,48.10,3,56.33,36.33,,,
2016-06-28T16:59:41.446,,,48.09,1,48.10,2,56.33,36.33,,,
2016-06-28T16:59:41.386,,,48.09,2,48.10,2,56.33,36.33,,,
2016-06-28T16:59:41.386,,,48.09,1,48.10,2,56.33,36.33,,,
2016-06-28T16:59:41.376,48.10,2,48.09,1,48.10,4,56.33,36.33,96.20,47.93,38439.68
2016-06-28T16:59:40.456,,,48.09,1,48.10,4,56.33,36.33,,,
2016-06-28T16:59:40.445,,,48.09,1,48.10,5,56.33,36.33,,,
2016-06-28T16:59:39.926,,,48.09,1,48.10,6,56.33,36.33,,,
2016-06-28T16:59:39.926,,,48.09,1,48.09,1,56.33,36.33,,,
2016-06-28T16:59:39.915,48.09,1,48.07,7,48.09,1,56.33,36.33,48.09,47.93,38343.48
2016-06-28T16:59:39.915,,,48.07,7,48.09,1,56.33,36.33,,,
2016-06-28T16:59:39.344,,,48.07,6,48.09,1,56.33,36.33,,,
2016-06-28T16:59:38.866,,,48.08,1,48.09,1,56.33,36.33,,,
2016-06-28T16:59:38.866,,,48.07,6,48.09,1,56.33,36.33,,,
2016-06-28T16:59:38.845,48.09,2,48.07,6,48.09,3,56.33,36.33,96.18,47.93,38295.39
2016-06-28T16:59:37.945,,,48.07,6,48.09,3,56.33,36.33,,,
2016-06-28T16:59:37.916,,,48.07,6,48.09,2,56.33,36.33,,,
2016-06-28T16:59:37.916,,,48.07,6,48.09,1,56.33,36.33,,,
2016-06-28T16:59:37.916,48.08,4,48.08,3,48.09,1,56.33,36.33,192.32,47.93,38199.21
2016-06-28T16:59:37.126,,,48.08,3,48.09,1,56.33,36.33,,,
2016-06-28T16:59:36.606,,,48.08,4,48.09,1,56.33,36.33,,,
2016-06-28T16:59:36.606,,,48.08,3,48.09,1,56.33,36.33,,,
2016-06-28T16:59:36.596,48.09,1,48.08,3,48.09,2,56.33,36.33,48.09,47.93,38391.53
2016-06-28T16:59:35.999,,,48.08,3,48.09,2,56.33,36.33,,,
2016-06-28T16:59:32.999,,,48.08,2,48.09,2,56.33,36.33,,,
2016-06-28T16:59:32.999,,,48.08,3,48.09,2,56.33,36.33,,,
2016-06-28T16:59:32.226,,,48.08,3,48.10,2,56.33,36.33,,,
2016-06-28T16:59:31.515,,,48.08,2,48.10,2,56.33,36.33,,,
2016-06-28T16:59:31.515,,,48.08,1,48.10,2,56.33,36.33,,,
2016-06-28T16:59:30.876,,,48.08,3,48.10,2,56.33,36.33,,,
2016-06-28T16:59:30.876,,,48.08,4,48.10,2,56.33,36.33,,,
2016-06-28T16:59:30.805,,,48.08,2,48.10,2,56.33,36.33,,,
2016-06-28T16:59:30.336,,,48.08,2,48.10,3,56.33,36.33,,,
2016-06-28T16:59:30.306,,,48.08,2,48.09,1,56.33,36.33,,,
2016-06-28T16:59:30.306,,,48.08,1,48.09,1,56.33,36.33,,,
2016-06-28T16:59:30.306,,,48.08,1,48.10,1,56.33,36.33,,,
2016-06-28T16:59:30.306,48.08,1,48.08,2,48.10,1,56.33,36.33,48.08,47.93,38343.44
2016-06-28T16:59:29.915,,,48.08,2,48.10,1,56.33,36.33,,,
2016-06-28T16:59:29.915,,,48.08,3,48.10,1,56.33,36.33,,,
2016-06-28T16:59:29.336,,,48.08,2,48.10,1,56.33,36.33,,,
2016-06-28T16:59:28.126,,,48.09,1,48.10,1,56.33,36.33,,,
2016-06-28T16:59:27.996,,,48.09,1,48.10,2,56.33,36.33,,,
2016-06-28T16:59:27.946,,,48.08,1,48.10,2,56.33,36.33,,,
2016-06-28T16:59:27.944,48.10,2,48.08,1,48.10,4,56.33,36.33,96.20,47.93,38391.52
2016-06-28T16:59:27.616,,,48.08,1,48.10,4,56.33,36.33,,,
2016-06-28T16:59:27.616,,,48.08,1,48.10,3,56.33,36.33,,,
2016-06-28T16:59:27.616,,,48.07,8,48.10,3,56.33,36.33,,,
2016-06-28T16:59:27.606,48.09,1,48.07,8,48.09,1,56.33,36.33,48.09,47.93,38295.32
2016-06-28T16:59:27.296,,,48.07,8,48.09,1,56.33,36.33,,,
2016-06-28T16:59:27.296,,,48.07,8,48.09,2,56.33,36.33,,,
2016-06-28T16:59:27.296,48.08,6,48.07,8,48.08,1,56.33,36.33,288.48,47.93,38247.23
2016-06-28T16:59:27.236,,,48.07,8,48.08,1,56.33,36.33,,,
2016-06-28T16:59:24.646,,,48.07,8,48.10,3,56.33,36.33,,,
2016-06-28T16:59:24.234,,,48.07,8,48.10,2,56.33,36.33,,,
2016-06-28T16:59:23.999,,,48.07,8,48.10,3,56.33,36.33,,,
2016-06-28T16:59:23.727,,,48.07,10,48.10,3,56.33,36.33,,,
2016-06-28T16:59:23.557,,,48.07,10,48.09,1,56.33,36.33,,,
2016-06-28T16:59:23.547,,,48.07,8,48.09,1,56.33,36.33,,,
2016-06-28T16:59:23.547,,,48.08,1,48.09,1,56.33,36.33,,,
2016-06-28T16:59:23.547,,,48.08,1,48.10,2,56.33,36.33,,,
2016-06-28T16:59:23.537,48.08,2,48.08,3,48.10,2,56.33,36.33,96.16,47.93,38535.71
2016-06-28T16:59:22.867,,,48.08,3,48.10,2,56.33,36.33,,,
2016-06-28T16:59:22.357,,,48.08,3,48.10,3,56.33,36.33,,,
2016-06-28T16:59:22.357,,,48.08,2,48.10,3,56.33,36.33,,,
2016-06-28T16:59:22.355,48.09,1,48.08,2,48.09,1,56.33,36.33,48.09,47.93,38631.87
2016-06-28T16:59:22.217,,,48.08,2,48.09,1,56.33,36.33,,,
2016-06-28T16:59:22.217,,,48.08,2,48.10,2,56.33,36.33,,,
2016-06-28T16:59:22.217,48.08,1,48.08,3,48.10,2,56.33,36.33,48.08,47.93,38583.78
2016-06-28T16:59:20.697,,,48.08,3,48.10,2,56.33,36.33,,,
2016-06-28T16:59:20.287,,,48.08,3,48.10,3,56.33,36.33,,,
2016-06-28T16:59:20.287,,,48.08,3,48.10,4,56.33,36.33,,,
2016-06-28T16:59:20.237,,,48.08,3,48.09,1,56.33,36.33,,,
2016-06-28T16:59:20.227,48.08,1,48.08,4,48.09,1,56.33,36.33,48.08,47.93,38631.86
2016-06-28T16:59:20.197,,,48.08,4,48.09,1,56.33,36.33,,,
2016-06-28T16:59:20.197,,,48.08,4,48.10,2,56.33,36.33,,,
2016-06-28T16:59:20.187,48.08,1,48.08,5,48.10,2,56.33,36.33,48.08,47.93,38679.94
2016-06-28T16:59:18.675,,,48.08,5,48.10,2,56.33,36.33,,,
2016-06-28T16:59:18.616,,,48.08,7,48.10,2,56.33,36.33,,,
2016-06-28T16:59:18.607,48.08,2,48.08,9,48.10,2,56.33,36.33,96.16,47.93,38728.02
2016-06-28T16:59:17.507,,,48.08,9,48.10,2,56.33,36.33,,,
2016-06-28T16:59:17.457,,,48.08,9,48.10,1,56.33,36.33,,,
2016-06-28T16:59:17.457,,,48.08,6,48.10,1,56.33,36.33,,,
2016-06-28T16:59:17.457,,,48.08,7,48.10,1,56.33,36.33,,,
2016-06-28T16:59:17.457,,,48.08,7,48.11,6,56.33,36.33,,,
2016-06-28T16:59:17.457,48.09,22,48.09,2,48.11,6,56.33,36.33,1057.98,47.93,38824.18
2016-06-28T16:59:16.896,,,48.09,2,48.11,6,56.33,36.33,,,
2016-06-28T16:59:16.646,,,48.09,2,48.11,4,56.33,36.33,,,
2016-06-28T16:59:13.726,,,48.09,1,48.11,4,56.33,36.33,,,
2016-06-28T16:59:13.465,,,48.09,3,48.11,4,56.33,36.33,,,
2016-06-28T16:59:13.336,,,48.09,3,48.10,1,56.33,36.33,,,
2016-06-28T16:59:13.336,,,48.09,3,48.11,4,56.33,36.33,,,
2016-06-28T16:59:13.336,48.09,2,48.09,5,48.11,4,56.33,36.33,96.18,47.93,39882.16
2016-06-28T16:59:13.246,,,48.09,5,48.11,4,56.33,36.33,,,
2016-06-28T16:59:12.796,,,48.09,5,48.11,5,56.33,36.33,,,
2016-06-28T16:59:12.756,,,48.09,4,48.11,5,56.33,36.33,,,
2016-06-28T16:59:12.756,,,48.09,1,48.11,5,56.33,36.33,,,
2016-06-28T16:59:12.754,,,48.09,1,48.11,6,56.33,36.33,,,
2016-06-28T16:59:12.746,,,48.09,1,48.10,1,56.33,36.33,,,
2016-06-28T16:59:12.746,,,48.08,9,48.10,1,56.33,36.33,,,
2016-06-28T16:59:12.746,48.10,1,48.08,9,48.10,2,56.33,36.33,48.10,47.93,39978.34
2016-06-28T16:59:12.506,,,48.08,9,48.10,2,56.33,36.33,,,
2016-06-28T16:59:12.046,,,48.08,9,48.10,3,56.33,36.33,,,
2016-06-28T16:59:12.046,,,48.08,9,48.10,4,56.33,36.33,,,
2016-06-28T16:59:12.046,48.09,1,48.08,9,48.09,1,56.33,36.33,48.09,47.93,39930.24
2016-06-28T16:59:11.999,,,48.08,9,48.09,1,56.33,36.33,,,
2016-06-28T16:59:11.999,,,48.08,10,48.09,1,56.33,36.33,,,
2016-06-28T16:59:11.816,,,48.08,10,48.10,2,56.33,36.33,,,
2016-06-28T16:59:11.816,,,48.08,9,48.10,2,56.33,36.33,,,
2016-06-28T16:59:08.776,,,48.08,8,48.10,2,56.33,36.33,,,
2016-06-28T16:59:08.446,,,48.08,8,48.10,3,56.33,36.33,,,
2016-06-28T16:59:08.446,,,48.08,6,48.10,3,56.33,36.33,,,
2016-06-28T16:59:08.446,,,48.08,6,48.10,4,56.33,36.33,,,
2016-06-28T16:59:08.446,,,48.08,5,48.10,4,56.33,36.33,,,
2016-06-28T16:59:08.436,48.09,2,48.08,5,48.09,2,56.33,36.33,96.18,47.93,39882.15
2016-06-28T16:59:08.386,,,48.08,5,48.09,2,56.33,36.33,,,
2016-06-28T16:59:08.326,,,48.08,6,48.09,2,56.33,36.33,,,
2016-06-28T16:59:08.326,,,48.08,6,48.09,1,56.33,36.33,,,
2016-06-28T16:59:08.266,,,48.08,8,48.09,1,56.33,36.33,,,
2016-06-28T16:59:08.266,,,48.08,9,48.09,1,56.33,36.33,,,
2016-06-28T16:59:08.254,,,48.08,8,48.09,1,56.33,36.33,,,
2016-06-28T16:59:07.346,,,48.08,8,48.10,1,56.33,36.33,,,
2016-06-28T16:59:06.766,,,48.08,7,48.10,1,56.33,36.33,,,
2016-06-28T16:59:06.166,,,48.08,5,48.10,1,56.33,36.33,,,
2016-06-28T16:59:06.155,,,48.08,2,48.10,1,56.33,36.33,,,
2016-06-28T16:59:06.116,,,48.07,7,48.10,1,56.33,36.33,,,
2016-06-28T16:59:06.107,,,48.07,8,48.10,1,56.33,36.33,,,
2016-06-28T16:59:06.097,,,48.07,8,48.10,2,56.33,36.33,,,
2016-06-28T16:59:06.097,48.08,1,48.07,8,48.08,1,56.33,36.33,48.08,47.93,39785.97
2016-06-28T16:59:06.087,,,48.07,8,48.08,1,56.33,36.33,,,
2016-06-28T16:59:06.087,48.08,2,48.07,8,48.08,2,56.33,36.33,96.16,47.93,39737.89
2016-06-28T16:59:06.037,,,48.07,8,48.08,2,56.33,36.33,,,
2016-06-28T16:59:06.037,,,48.07,7,48.08,2,56.33,36.33,,,
2016-06-28T16:59:06.037,,,48.07,8,48.08,2,56.33,36.33,,,
2016-06-28T16:59:06.037,,,48.07,5,48.08,2,56.33,36.33,,,
2016-06-28T16:59:06.037,,,48.07,3,48.08,2,56.33,36.33,,,
2016-06-28T16:59:06.037,,,48.07,4,48.08,2,56.33,36.33,,,
2016-06-28T16:59:06.037,,,48.07,3,48.08,2,56.33,36.33,,,
2016-06-28T16:59:06.037,,,48.07,2,48.08,2,56.33,36.33,,,
2016-06-28T16:59:06.037,,,48.07,2,48.10,1,56.33,36.33,,,
2016-06-28T16:59:06.037,,,48.07,3,48.10,1,56.33,36.33,,,
2016-06-28T16:59:06.037,,,48.07,4,48.10,1,56.33,36.33,,,
2016-06-28T16:59:06.037,,,48.07,4,48.11,6,56.33,36.33,,,
2016-06-28T16:59:06.037,,,48.07,8,48.11,6,56.33,36.33,,,
2016-06-28T16:59:06.037,,,48.08,8,48.11,6,56.33,36.33,,,
2016-06-28T16:59:06.037,48.07,1,48.09,9,48.11,6,56.33,36.33,48.07,47.93,39641.73
2016-06-28T16:59:06.037,48.07,3,48.09,9,48.11,6,56.33,36.33,144.21,47.93,39689.80
2016-06-28T16:59:06.027,48.08,8,48.09,9,48.11,6,56.33,36.33,384.64,47.93,39834.01
2016-06-28T16:59:06.027,48.09,9,48.09,9,48.11,6,56.33,36.33,432.81,47.93,40218.65
2016-06-28T16:59:05.177,,,48.09,9,48.11,6,56.33,36.33,,,
2016-06-28T16:59:04.126,,,48.09,9,48.11,5,56.33,36.33,,,
2016-06-28T16:59:04.126,48.10,1,48.10,1,48.11,5,56.33,36.33,48.10,47.93,40651.46
2016-06-28T16:59:03.257,,,48.10,1,48.11,5,56.33,36.33,,,
2016-06-28T16:59:03.075,,,48.09,8,48.11,5,56.33,36.33,,,
2016-06-28T16:59:02.767,,,48.09,5,48.11,5,56.33,36.33,,,
2016-06-28T16:59:02.627,,,48.09,3,48.11,5,56.33,36.33,,,
2016-06-28T16:59:02.587,,,48.09,2,48.11,5,56.33,36.33,,,
2016-06-28T16:59:02.587,,,48.09,2,48.11,3,56.33,36.33,,,
2016-06-28T16:59:02.587,,,48.09,1,48.11,3,56.33,36.33,,,
2016-06-28T16:59:02.577,48.10,1,48.09,1,48.10,1,56.33,36.33,48.10,47.93,40603.36
2016-06-28T16:59:02.116,,,48.09,1,48.10,1,56.33,36.33,,,
2016-06-28T16:59:01.277,,,48.08,10,48.10,1,56.33,36.33,,,
2016-06-28T16:59:01.266,,,48.08,10,48.11,1,56.33,36.33,,,
2016-06-28T16:59:01.257,48.08,1,48.08,11,48.11,1,56.33,36.33,48.08,47.93,40555.26
2016-06-28T16:59:01.247,,,48.08,11,48.11,1,56.33,36.33,,,
2016-06-28T16:59:01.247,,,48.08,13,48.11,1,56.33,36.33,,,
2016-06-28T16:59:01.247,,,48.08,11,48.11,1,56.33,36.33,,,
2016-06-28T16:59:01.247,48.10,1,48.10,1,48.11,1,56.33,36.33,48.10,47.93,40603.34
2016-06-28T16:59:01.247,,,48.10,1,48.11,1,56.33,36.33,,,
2016-06-28T16:59:01.237,,,48.08,11,48.11,1,56.33,36.33,,,
2016-06-28T16:59:01.237,48.09,1,48.09,1,48.11,1,56.33,36.33,48.09,47.93,40555.24
2016-06-28T16:59:01.227,,,48.09,1,48.11,1,56.33,36.33,,,
2016-06-28T16:59:01.227,,,48.08,11,48.11,1,56.33,36.33,,,
2016-06-28T16:59:01.197,48.09,1,48.09,1,48.11,1,56.33,36.33,48.09,47.93,40603.33
2016-06-28T16:59:01.187,,,48.09,1,48.11,1,56.33,36.33,,,
2016-06-28T16:59:01.187,,,48.09,1,48.12,10,56.33,36.33,,,
2016-06-28T16:59:01.187,48.09,1,48.09,2,48.12,10,56.33,36.33,48.09,47.93,40651.42
2016-06-28T16:59:01.177,,,48.09,2,48.12,10,56.33,36.33,,,
2016-06-28T16:59:01.177,,,48.09,2,48.12,11,56.33,36.33,,,
2016-06-28T16:59:01.177,,,48.09,1,48.12,11,56.33,36.33,,,
2016-06-28T16:59:01.177,,,48.09,1,48.12,10,56.33,36.33,,,
2016-06-28T16:59:01.177,,,48.09,1,48.12,11,56.33,36.33,,,
2016-06-28T16:59:01.177,,,48.09,1,48.11,1,56.33,36.33,,,
2016-06-28T16:59:01.177,48.10,3,48.09,1,48.10,3,56.33,36.33,144.30,47.93,40699.51
2016-06-28T16:59:01.157,,,48.09,1,48.10,3,56.33,36.33,,,
2016-06-28T16:59:01.157,48.09,1,48.09,2,48.10,3,56.33,36.33,48.09,47.93,40555.21
2016-06-28T16:59:01.147,,,48.09,2,48.10,3,56.33,36.33,,,
2016-06-28T16:59:01.137,48.09,1,48.09,3,48.10,3,56.33,36.33,48.09,47.93,40603.30
2016-06-28T16:59:01.127,,,48.09,3,48.10,3,56.33,36.33,,,
2016-06-28T16:59:01.127,48.09,1,48.09,4,48.10,3,56.33,36.33,48.09,47.93,40651.39
2016-06-28T16:59:01.077,,,48.09,4,48.10,3,56.33,36.33,,,
2016-06-28T16:59:01.077,48.09,1,48.09,5,48.10,3,56.33,36.33,48.09,47.93,40699.48
2016-06-28T16:59:01.035,,,48.09,5,48.10,3,56.33,36.33,,,
2016-06-28T16:59:01.035,,,48.09,5,48.10,4,56.33,36.33,,,
2016-06-28T16:59:01.035,,,48.09,5,48.10,2,56.33,36.33,,,
2016-06-28T16:59:01.035,,,48.09,5,48.10,1,56.33,36.33,,,
2016-06-28T16:59:01.035,48.09,2,48.09,7,48.10,1,56.33,36.33,96.18,47.93,40747.57
2016-06-28T16:59:01.007,,,48.09,7,48.10,1,56.33,36.33,,,
2016-06-28T16:59:01.007,48.09,1,48.09,8,48.10,1,56.33,36.33,48.09,47.93,40843.75
2016-06-28T16:59:00.537,,,48.09,8,48.10,1,56.33,36.33,,,
2016-06-28T16:59:00.487,,,48.09,8,48.11,1,56.33,36.33,,,
2016-06-28T16:59:00.487,,,48.09,8,48.12,9,56.33,36.33,,,
2016-06-28T16:59:00.487,48.09,1,48.09,9,48.12,9,56.33,36.33,48.09,47.93,40891.84
2016-06-28T16:59:00.457,,,48.09,9,48.12,9,56.33,36.33,,,
2016-06-28T16:59:00.235,,,48.09,9,48.12,4,56.33,36.33,,,
2016-06-28T16:59:00.186,,,48.09,9,48.12,3,56.33,36.33,,,
2016-06-28T16:59:00.186,,,48.09,9,48.12,5,56.33,36.33,,,
2016-06-28T16:59:00.186,,,48.09,9,48.12,6,56.33,36.33,,,
2016-06-28T16:59:00.156,,,48.09,10,48.12,6,56.33,36.33,,,
2016-06-28T16:59:00.156,,,48.09,7,48.12,6,56.33,36.33,,,
2016-06-28T16:59:00.156,,,48.09,7,48.12,7,56.33,36.33,,,
2016-06-28T16:59:00.156,,,48.09,8,48.12,7,56.33,36.33,,,
2016-06-28T16:59:00.156,,,48.09,8,48.12,6,56.33,36.33,,,
2016-06-28T16:59:00.156,,,48.09,9,48.12,6,56.33,36.33,,,
2016-06-28T16:59:00.156,,,48.09,9,48.12,5,56.33,36.33,,,
2016-06-28T16:59:00.156,,,48.09,9,48.11,6,56.33,36.33,,,
2016-06-28T16:59:00.156,48.10,6,48.10,6,48.11,6,56.33,36.33,288.60,47.93,40939.93
2016-06-28T16:59:00.126,,,48.10,6,48.11,6,56.33,36.33,,,
2016-06-28T16:59:00.126,,,48.10,9,48.11,6,56.33,36.33,,,
2016-06-28T16:59:00.124,,,48.10,6,48.11,6,56.33,36.33,,,
2016-06-28T16:59:00.116,,,48.10,7,48.11,6,56.33,36.33,,,
2016-06-28T16:59:00.116,,,48.10,8,48.11,6,56.33,36.33,,,
2016-06-28T16:59:00.116,,,48.10,8,48.12,10,56.33,36.33,,,
2016-06-28T16:59:00.114,48.11,36,48.11,4,48.12,10,56.33,36.33,1731.96,47.93,41228.53
2016-06-28T16:59:00.086,,,48.11,4,48.12,10,56.33,36.33,,,
2016-06-28T16:59:00.086,,,48.11,5,48.12,10,56.33,36.33,,,
2016-06-28T16:59:00.086,,,48.11,6,48.12,10,56.33,36.33,,,
2016-06-28T16:59:00.076,,,48.11,6,48.13,19,56.33,36.33,,,
2016-06-28T16:59:00.066,,,48.11,7,48.13,19,56.33,36.33,,,
2016-06-28T16:59:00.064,48.12,299,48.12,2,48.13,19,56.33,36.33,14387.88,47.93,42960.49
2016-06-28T16:59:00.064,,,48.12,2,48.13,19,56.33,36.33,,,
2016-06-28T16:59:00.064,,,48.12,2,48.13,22,56.33,36.33,,,
2016-06-28T16:59:00.064,48.12,3,48.12,5,48.13,22,56.33,36.33,144.36,47.93,57348.37
2016-06-28T16:58:59.726,,,48.12,5,48.13,22,56.33,36.33,,,
2016-06-28T16:58:59.726,48.12,2,48.12,7,48.13,22,56.33,36.33,96.24,47.93,57492.73
2016-06-28T16:58:58.386,,,48.12,7,48.13,22,56.33,36.33,,,
2016-06-28T16:58:58.366,48.12,2,48.12,2,48.13,22,56.33,36.33,96.24,47.93,57588.97
2016-06-28T16:58:58.196,,,48.12,2,48.13,22,56.33,36.33,,,
2016-06-28T16:58:57.836,,,48.12,2,48.13,21,56.33,36.33,,,
2016-06-28T16:58:57.836,48.12,1,48.12,3,48.13,21,56.33,36.33,48.12,47.93,57685.21
2016-06-28T16:58:57.666,,,48.12,3,48.13,21,56.33,36.33,,,
2016-06-28T16:58:57.666,48.12,2,48.12,5,48.13,21,56.33,36.33,96.24,47.93,57733.33
2016-06-28T16:58:56.666,,,48.12,5,48.13,21,56.33,36.33,,,
2016-06-28T16:58:56.666,48.12,2,48.12,7,48.13,21,56.33,36.33,96.24,47.93,57829.57
2016-06-28T16:58:54.936,,,48.12,7,48.13,21,56.33,36.33,,,
2016-06-28T16:58:54.936,48.12,1,48.12,8,48.13,21,56.33,36.33,48.12,47.93,57925.81
2016-06-28T16:58:54.796,,,48.12,8,48.13,21,56.33,36.33,,,
2016-06-28T16:58:54.796,48.12,2,48.12,1,48.13,21,56.33,36.33,96.24,47.93,57973.93
2016-06-28T16:58:54.796,,,48.12,1,48.13,21,56.33,36.33,,,
2016-06-28T16:58:54.785,48.12,20,48.12,3,48.13,21,56.33,36.33,962.40,47.93,58070.17
2016-06-28T16:58:53.665,,,48.12,3,48.13,21,56.33,36.33,,,
2016-06-28T16:58:53.665,48.12,5,48.12,8,48.13,21,56.33,36.33,240.60,47.93,59032.57
2016-06-28T16:58:52.736,,,48.12,8,48.13,21,56.33,36.33,,,
2016-06-28T16:58:52.726,48.12,1,48.12,9,48.13,21,56.33,36.33,48.12,47.93,59273.17
2016-06-28T16:58:51.946,,,48.12,9,48.13,21,56.33,36.33,,,
2016-06-28T16:58:51.946,48.12,2,48.12,2,48.13,21,56.33,36.33,96.24,47.93,59321.29
2016-06-28T16:58:51.944,,,48.12,2,48.13,21,56.33,36.33,,,
2016-06-28T16:58:51.936,48.12,10,48.12,3,48.13,21,56.33,36.33,481.20,47.93,59417.53
2016-06-28T16:58:51.476,,,48.12,3,48.13,21,56.33,36.33,,,
2016-06-28T16:58:51.476,48.12,2,48.12,5,48.13,21,56.33,36.33,96.24,47.93,59898.73
2016-06-28T16:58:51.476,,,48.12,5,48.13,21,56.33,36.33,,,
2016-06-28T16:58:51.476,,,48.12,5,48.13,23,56.33,36.33,,,
2016-06-28T16:58:51.476,48.12,10,48.12,6,48.13,23,56.33,36.33,481.20,47.93,59994.97
2016-06-28T16:58:50.486,,,48.12,6,48.13,23,56.33,36.33,,,
2016-06-28T16:58:50.484,48.12,5,48.12,11,48.13,23,56.33,36.33,240.60,47.93,60476.17
2016-06-28T16:58:50.236,,,48.12,11,48.13,23,56.33,36.33,,,
2016-06-28T16:58:49.815,,,48.12,11,48.13,22,56.33,36.33,,,
2016-06-28T16:58:49.596,,,48.12,11,48.13,21,56.33,36.33,,,
2016-06-28T16:58:49.596,,,48.12,11,48.13,22,56.33,36.33,,,
2016-06-28T16:58:49.544,,,48.12,11,48.13,20,56.33,36.33,,,
2016-06-28T16:58:49.536,,,48.12,11,48.13,22,56.33,36.33,,,
2016-06-28T16:58:49.516,,,48.12,11,48.13,20,56.33,36.33,,,
2016-06-28T16:58:49.516,,,48.12,11,48.13,22,56.33,36.33,,,
2016-06-28T16:58:49.456,,,48.12,11,48.13,20,56.33,36.33,,,
2016-06-28T16:58:49.436,,,48.12,11,48.13,22,56.33,36.33,,,
2016-06-28T16:58:49.386,,,48.12,11,48.13,20,56.33,36.33,,,
2016-06-28T16:58:49.386,,,48.12,11,48.13,22,56.33,36.33,,,
2016-06-28T16:58:49.346,,,48.12,11,48.13,20,56.33,36.33,,,
2016-06-28T16:58:49.346,,,48.12,11,48.13,22,56.33,36.33,,,
2016-06-28T16:58:49.306,,,48.12,11,48.13,20,56.33,36.33,,,
2016-06-28T16:58:49.306,,,48.12,11,48.13,22,56.33,36.33,,,
2016-06-28T16:58:49.226,,,48.12,11,48.13,20,56.33,36.33,,,
2016-06-28T16:58:49.226,,,48.12,11,48.13,22,56.33,36.33,,,
2016-06-28T16:58:49.176,,,48.12,11,48.13,20,56.33,36.33,,,
2016-06-28T16:58:49.176,,,48.12,11,48.13,22,56.33,36.33,,,
2016-06-28T16:58:49.165,,,48.12,11,48.13,20,56.33,36.33,,,
2016-06-28T16:58:49.136,,,48.12,11,48.13,18,56.33,36.33,,,
2016-06-28T16:58:49.134,48.12,2,48.12,13,48.13,18,56.33,36.33,96.24,47.93,60716.77
2016-06-28T16:58:49.116,,,48.12,13,48.13,18,56.33,36.33,,,
2016-06-28T16:58:49.116,,,48.12,13,48.13,20,56.33,36.33,,,
2016-06-28T16:58:49.087,,,48.12,13,48.13,18,56.33,36.33,,,
2016-06-28T16:58:49.087,,,48.12,9,48.13,18,56.33,36.33,,,
2016-06-28T16:58:49.085,48.12,10,48.12,10,48.13,18,56.33,36.33,481.20,47.93,60813.01
2016-06-28T16:58:49.077,,,48.12,10,48.13,18,56.33,36.33,,,
2016-06-28T16:58:49.077,,,48.12,10,48.13,19,56.33,36.33,,,
2016-06-28T16:58:48.999,,,48.12,10,48.13,18,56.33,36.33,,,
2016-06-28T16:58:48.999,,,48.12,10,48.13,19,56.33,36.33,,,
2016-06-28T16:58:48.827,,,48.12,10,48.13,21,56.33,36.33,,,
2016-06-28T16:58:48.827,48.12,1,48.12,11,48.13,21,56.33,36.33,48.12,47.93,61294.21
2016-06-28T16:58:48.327,,,48.12,11,48.13,21,56.33,36.33,,,
2016-06-28T16:58:48.167,,,48.12,6,48.13,21,56.33,36.33,,,
2016-06-28T16:58:47.506,,,48.12,6,48.13,19,56.33,36.33,,,
2016-06-28T16:58:47.506,48.12,1,48.12,7,48.13,19,56.33,36.33,48.12,47.93,61342.33
2016-06-28T16:58:46.766,,,48.12,7,48.13,19,56.33,36.33,,,
2016-06-28T16:58:46.377,,,48.12,7,48.13,21,56.33,36.33,,,
2016-06-28T16:58:46.247,,,48.12,7,48.13,20,56.33,36.33,,,
2016-06-28T16:58:46.247,48.12,1,48.12,8,48.13,20,56.33,36.33,48.12,47.93,61390.45
2016-06-28T16:58:46.055,,,48.12,8,48.13,20,56.33,36.33,,,
2016-06-28T16:58:46.055,48.12,2,48.12,10,48.13,20,56.33,36.33,96.24,47.93,61438.57
2016-06-28T16:58:45.457,,,48.12,10,48.13,20,56.33,36.33,,,
2016-06-28T16:58:45.137,,,48.12,10,48.13,19,56.33,36.33,,,
2016-06-28T16:58:45.137,,,48.12,10,48.13,20,56.33,36.33,,,
2016-06-28T16:58:44.097,,,48.12,10,48.13,21,56.33,36.33,,,
2016-06-28T16:58:44.086,48.12,4,48.12,5,48.13,21,56.33,36.33,192.48,47.93,61534.81
2016-06-28T16:58:43.186,,,48.12,5,48.13,21,56.33,36.33,,,
2016-06-28T16:58:42.886,,,48.12,5,48.13,19,56.33,36.33,,,
2016-06-28T16:58:42.875,,,48.12,5,48.13,18,56.33,36.33,,,
2016-06-28T16:58:37.999,,,48.12,5,48.13,17,56.33,36.33,,,
2016-06-28T16:58:36.766,,,48.12,5,48.13,15,56.33,36.33,,,
2016-06-28T16:58:36.086,,,48.12,5,48.13,10,56.33,36.33,,,
2016-06-28T16:58:30.999,,,48.12,5,48.13,9,56.33,36.33,,,
2016-06-28T16:58:29.916,,,48.12,5,48.13,8,56.33,36.33,,,
2016-06-28T16:58:29.727,,,48.12,4,48.13,8,56.33,36.33,,,
2016-06-28T16:58:29.727,,,48.12,5,48.13,8,56.33,36.33,,,
2016-06-28T16:58:28.667,,,48.12,5,48.13,7,56.33,36.33,,,
2016-06-28T16:58:28.667,,,48.12,4,48.13,7,56.33,36.33,,,
2016-06-28T16:58:28.667,,,48.12,4,48.13,9,56.33,36.33,,,
2016-06-28T16:58:28.667,,,48.12,4,48.13,10,56.33,36.33,,,
2016-06-28T16:58:28.657,48.13,1,48.12,4,48.13,11,56.33,36.33,48.13,47.93,61727.29
2016-06-28T16:58:28.487,,,48.12,4,48.13,11,56.33,36.33,,,
2016-06-28T16:58:28.405,,,48.12,4,48.13,10,56.33,36.33,,,
2016-06-28T16:58:28.405,48.13,1,48.12,4,48.13,11,56.33,36.33,48.13,47.93,61679.16
2016-06-28T16:58:28.376,,,48.12,4,48.13,11,56.33,36.33,,,
2016-06-28T16:58:28.376,48.13,1,48.12,4,48.13,12,56.33,36.33,48.13,47.93,61631.03
2016-06-28T16:58:28.097,,,48.12,4,48.13,12,56.33,36.33,,,
2016-06-28T16:58:28.097,48.12,4,48.12,8,48.13,12,56.33,36.33,192.48,47.93,61582.90
2016-06-28T16:58:25.796,48.12,2,48.12,1,48.13,10,56.33,36.33,96.24,47.93,61775.38
2016-06-28T16:58:24.576,48.12,2,48.12,3,48.13,10,56.33,36.33,96.24,47.93,61871.62
2016-06-28T16:58:24.576,,,48.12,8,48.13,12,56.33,36.33,,,
2016-06-28T16:58:24.576,,,48.12,8,48.13,10,56.33,36.33,,,
2016-06-28T16:58:24.576,,,48.12,8,48.13,12,56.33,36.33,,,
2016-06-28T16:58:24.576,,,48.12,8,48.13,10,56.33,36.33,,,
2016-06-28T16:58:24.576,,,48.12,8,48.13,12,56.33,36.33,,,
2016-06-28T16:58:24.576,,,48.12,8,48.13,10,56.33,36.33,,,
2016-06-28T16:58:24.576,,,48.12,8,48.13,12,56.33,36.33,,,
2016-06-28T16:58:24.576,,,48.12,8,48.13,10,56.33,36.33,,,
2016-06-28T16:58:24.576,,,48.12,8,48.13,12,56.33,36.33,,,
2016-06-28T16:58:24.576,,,48.12,8,48.13,10,56.33,36.33,,,
2016-06-28T16:58:24.576,,,48.12,8,48.13,12,56.33,36.33,,,
2016-06-28T16:58:24.576,,,48.12,8,48.13,10,56.33,36.33,,,
2016-06-28T16:58:24.576,,,48.12,8,48.13,12,56.33,36.33,,,
2016-06-28T16:58:24.576,,,48.12,8,48.13,10,56.33,36.33,,,
2016-06-28T16:58:24.576,,,48.12,8,48.13,12,56.33,36.33,,,
2016-06-28T16:58:24.576,,,48.12,8,48.13,10,56.33,36.33,,,
2016-06-28T16:58:24.576,,,48.12,8,48.13,12,56.33,36.33,,,
2016-06-28T16:58:24.576,,,48.12,8,48.13,10,56.33,36.33,,,
2016-06-28T16:58:24.576,,,48.12,8,48.13,12,56.33,36.33,,,
2016-06-28T16:58:24.576,,,48.12,8,48.13,10,56.33,36.33,,,
2016-06-28T16:58:24.576,,,48.12,8,48.13,12,56.33,36.33,,,
2016-06-28T16:58:24.576,,,48.12,8,48.13,10,56.33,36.33,,,
2016-06-28T16:58:24.576,,,48.12,8,48.13,12,56.33,36.33,,,
2016-06-28T16:58:24.576,,,48.12,8,48.13,10,56.33,36.33,,,
2016-06-28T16:58:24.576,,,48.12,8,48.13,12,56.33,36.33,,,
2016-06-28T16:58:24.576,,,48.12,8,48.13,10,56.33,36.33,,,
2016-06-28T16:58:24.576,,,48.12,8,48.13,13,56.33,36.33,,,
2016-06-28T16:58:24.576,,,48.12,8,48.13,10,56.33,36.33,,,
2016-06-28T16:58:24.576,,,48.12,1,48.13,10,56.33,36.33,,,
2016-06-28T16:58:24.576,,,48.12,1,48.13,13,56.33,36.33,,,
2016-06-28T16:58:24.576,,,48.12,1,48.13,10,56.33,36.33,,,
2016-06-28T16:58:24.576,,,48.12,1,48.13,13,56.33,36.33,,,
2016-06-28T16:58:24.576,,,48.12,1,48.13,10,56.33,36.33,,,
2016-06-28T16:58:24.576,,,48.12,1,48.13,13,56.33,36.33,,,
2016-06-28T16:58:24.576,,,48.12,1,48.13,10,56.33,36.33,,,
2016-06-28T16:58:24.576,,,48.12,1,48.13,13,56.33,36.33,,,
2016-06-28T16:58:24.576,,,48.12,1,48.13,10,56.33,36.33,,,
2016-06-28T16:58:24.576,,,48.12,1,48.13,13,56.33,36.33,,,
2016-06-28T16:58:24.576,,,48.12,1,48.13,10,56.33,36.33,,,
2016-06-28T16:58:24.576,,,48.12,1,48.13,13,56.33,36.33,,,
2016-06-28T16:58:24.576,,,48.12,1,48.13,10,56.33,36.33,,,
2016-06-28T16:58:24.576,,,48.12,1,48.13,13,56.33,36.33,,,
2016-06-28T16:58:24.576,,,48.12,1,48.13,10,56.33,36.33,,,
2016-06-28T16:58:24.576,,,48.12,1,48.13,13,56.33,36.33,,,
2016-06-28T16:58:24.576,,,48.12,1,48.13,10,56.33,36.33,,,
2016-06-28T16:58:24.576,,,48.12,1,48.13,13,56.33,36.33,,,
2016-06-28T16:58:24.576,,,48.12,1,48.13,10,56.33,36.33,,,
2016-06-28T16:58:24.576,,,48.12,1,48.13,13,56.33,36.33,,,
2016-06-28T16:58:24.576,,,48.12,1,48.13,10,56.33,36.33,,,
2016-06-28T16:58:24.576,,,48.12,1,48.13,13,56.33,36.33,,,
2016-06-28T16:58:24.576,,,48.12,1,48.13,10,56.33,36.33,,,
2016-06-28T16:58:24.576,,,48.12,1,48.13,13,56.33,36.33,,,
2016-06-28T16:58:24.576,,,48.12,1,48.13,10,56.33,36.33,,,
2016-06-28T16:58:24.576,,,48.12,1,48.13,13,56.33,36.33,,,
2016-06-28T16:58:24.576,,,48.12,1,48.13,10,56.33,36.33,,,
2016-06-28T16:58:24.576,,,48.12,1,48.13,13,56.33,36.33,,,
2016-06-28T16:58:24.576,,,48.12,1,48.13,10,56.33,36.33,,,
2016-06-28T16:58:24.576,,,48.12,1,48.13,13,56.33,36.33,,,
2016-06-28T16:58:24.576,,,48.12,1,48.13,10,56.33,36.33,,,
2016-06-28T16:58:24.576,,,48.12,1,48.13,13,56.33,36.33,,,
2016-06-28T16:58:24.576,,,48.12,1,48.13,10,56.33,36.33,,,
2016-06-28T16:58:24.576,,,48.12,1,48.13,13,56.33,36.33,,,
2016-06-28T16:58:24.576,,,48.12,1,48.13,10,56.33,36.33,,,
2016-06-28T16:58:24.576,,,48.12,1,48.13,13,56.33,36.33,,,
2016-06-28T16:58:24.576,,,48.12,1,48.13,10,56.33,36.33,,,
2016-06-28T16:58:24.576,,,48.12,1,48.13,13,56.33,36.33,,,
2016-06-28T16:58:24.576,,,48.12,1,48.13,10,56.33,36.33,,,
2016-06-28T16:58:24.576,,,48.12,1,48.13,13,56.33,36.33,,,
2016-06-28T16:58:24.576,,,48.12,1,48.13,10,56.33,36.33,,,
2016-06-28T16:58:24.576,,,48.12,1,48.13,13,56.33,36.33,,,
2016-06-28T16:58:24.576,,,48.12,1,48.13,10,56.33,36.33,,,
2016-06-28T16:58:24.576,,,48.12,1,48.13,13,56.33,36.33,,,
2016-06-28T16:58:24.576,,,48.12,1,48.13,10,56.33,36.33,,,
2016-06-28T16:58:24.576,,,48.12,1,48.13,13,56.33,36.33,,,
2016-06-28T16:58:24.576,,,48.12,1,48.13,10,56.33,36.33,,,
2016-06-28T16:58:24.576,,,48.12,1,48.13,13,56.33,36.33,,,
2016-06-28T16:58:24.576,,,48.12,1,48.13,10,56.33,36.33,,,
2016-06-28T16:58:24.526,,,48.12,3,48.13,10,56.33,36.33,,,
2016-06-28T16:58:24.526,,,48.12,3,48.13,13,56.33,36.33,,,
2016-06-28T16:58:24.526,,,48.12,3,48.13,10,56.33,36.33,,,
2016-06-28T16:58:24.516,48.13,2,48.12,3,48.13,12,56.33,36.33,96.26,47.93,61967.86
2016-06-28T16:58:24.475,,,48.12,3,48.13,12,56.33,36.33,,,
2016-06-28T16:58:24.475,,,48.12,3,48.13,15,56.33,36.33,,,
2016-06-28T16:58:24.446,,,48.12,3,48.13,12,56.33,36.33,,,
2016-06-28T16:58:24.424,,,48.12,3,48.13,15,56.33,36.33,,,
2016-06-28T16:58:24.365,,,48.12,3,48.13,12,56.33,36.33,,,
2016-06-28T16:58:24.365,,,48.12,3,48.13,15,56.33,36.33,,,
2016-06-28T16:58:24.316,,,48.12,3,48.13,12,56.33,36.33,,,
2016-06-28T16:58:24.316,,,48.12,3,48.13,15,56.33,36.33,,,
2016-06-28T16:58:24.276,,,48.12,3,48.13,12,56.33,36.33,,,
2016-06-28T16:58:24.276,,,48.12,3,48.13,15,56.33,36.33,,,
2016-06-28T16:58:24.246,,,48.12,3,48.13,12,56.33,36.33,,,
2016-06-28T16:58:24.246,48.12,1,48.12,4,48.13,12,56.33,36.33,48.12,47.93,61871.60
2016-06-28T16:58:24.226,,,48.12,4,48.13,12,56.33,36.33,,,
2016-06-28T16:58:24.226,,,48.12,4,48.13,14,56.33,36.33,,,
2016-06-28T16:58:24.166,,,48.12,4,48.13,12,56.33,36.33,,,
2016-06-28T16:58:24.166,,,48.12,4,48.13,14,56.33,36.33,,,
2016-06-28T16:58:24.116,,,48.12,4,48.13,12,56.33,36.33,,,
2016-06-28T16:58:24.106,,,48.12,4,48.13,14,56.33,36.33,,,
2016-06-28T16:58:23.999,,,48.12,4,48.13,12,56.33,36.33,,,
2016-06-28T16:58:23.999,,,48.12,4,48.13,14,56.33,36.33,,,
2016-06-28T16:58:23.999,,,48.12,4,48.13,12,56.33,36.33,,,
2016-06-28T16:58:23.999,,,48.12,4,48.13,14,56.33,36.33,,,
2016-06-28T16:58:23.955,,,48.12,4,48.13,12,56.33,36.33,,,
2016-06-28T16:58:23.955,,,48.12,4,48.13,14,56.33,36.33,,,
2016-06-28T16:58:23.896,,,48.12,4,48.13,12,56.33,36.33,,,
2016-06-28T16:58:23.896,,,48.12,4,48.13,14,56.33,36.33,,,
2016-06-28T16:58:23.865,,,48.12,4,48.13,12,56.33,36.33,,,
2016-06-28T16:58:23.865,,,48.12,4,48.13,14,56.33,36.33,,,
2016-06-28T16:58:23.805,,,48.12,4,48.13,12,56.33,36.33,,,
2016-06-28T16:58:23.805,,,48.12,4,48.13,14,56.33,36.33,,,
2016-06-28T16:58:23.756,,,48.12,4,48.13,12,56.33,36.33,,,
2016-06-28T16:58:23.754,,,48.12,4,48.13,14,56.33,36.33,,,
2016-06-28T16:58:23.696,,,48.12,4,48.13,12,56.33,36.33,,,
2016-06-28T16:58:23.696,,,48.12,4,48.13,14,56.33,36.33,,,
2016-06-28T16:58:23.665,,,48.12,4,48.13,12,56.33,36.33,,,
2016-06-28T16:58:23.665,,,48.12,4,48.13,14,56.33,36.33,,,
2016-06-28T16:58:23.586,,,48.12,4,48.13,12,56.33,36.33,,,
2016-06-28T16:58:23.586,,,48.12,4,48.13,14,56.33,36.33,,,
2016-06-28T16:58:23.546,,,48.12,4,48.13,12,56.33,36.33,,,
2016-06-28T16:58:23.536,,,48.12,4,48.13,14,56.33,36.33,,,
2016-06-28T16:58:23.486,,,48.12,4,48.13,12,56.33,36.33,,,
2016-06-28T16:58:23.486,,,48.12,4,48.13,14,56.33,36.33,,,
2016-06-28T16:58:23.446,,,48.12,4,48.13,12,56.33,36.33,,,
2016-06-28T16:58:23.446,,,48.12,4,48.13,14,56.33,36.33,,,
2016-06-28T16:58:23.386,,,48.12,4,48.13,12,56.33,36.33,,,
2016-06-28T16:58:23.386,,,48.12,4,48.13,14,56.33,36.33,,,
2016-06-28T16:58:23.336,,,48.12,4,48.13,12,56.33,36.33,,,
2016-06-28T16:58:23.336,,,48.12,4,48.13,14,56.33,36.33,,,
2016-06-28T16:58:23.306,,,48.12,4,48.13,12,56.33,36.33,,,
2016-06-28T16:58:23.276,,,48.12,4,48.13,14,56.33,36.33,,,
2016-06-28T16:58:23.226,,,48.12,4,48.13,12,56.33,36.33,,,
2016-06-28T16:58:23.226,,,48.12,4,48.13,14,56.33,36.33,,,
2016-06-28T16:58:23.186,,,48.12,4,48.13,12,56.33,36.33,,,
2016-06-28T16:58:23.186,,,48.12,4,48.13,14,56.33,36.33,,,
2016-06-28T16:58:23.136,,,48.12,4,48.13,12,56.33,36.33,,,
2016-06-28T16:58:23.136,,,48.12,4,48.13,14,56.33,36.33,,,
2016-06-28T16:58:23.115,,,48.12,4,48.13,12,56.33,36.33,,,
2016-06-28T16:58:23.086,,,48.12,4,48.13,10,56.33,36.33,,,
2016-06-28T16:58:23.086,,,48.12,4,48.13,12,56.33,36.33,,,
2016-06-28T16:58:22.999,,,48.12,4,48.13,10,56.33,36.33,,,
2016-06-28T16:58:22.999,,,48.12,4,48.13,12,56.33,36.33,,,
2016-06-28T16:58:22.976,,,48.12,4,48.13,10,56.33,36.33,,,
2016-06-28T16:58:22.976,,,48.12,4,48.13,12,56.33,36.33,,,
2016-06-28T16:58:22.916,,,48.12,4,48.13,10,56.33,36.33,,,
2016-06-28T16:58:22.916,,,48.12,4,48.13,12,56.33,36.33,,,
2016-06-28T16:58:22.866,,,48.12,4,48.13,10,56.33,36.33,,,
2016-06-28T16:58:22.866,,,48.12,4,48.13,12,56.33,36.33,,,
2016-06-28T16:58:22.815,,,48.12,4,48.13,10,56.33,36.33,,,
2016-06-28T16:58:22.815,,,48.12,4,48.13,12,56.33,36.33,,,
2016-06-28T16:58:22.756,,,48.12,4,48.13,10,56.33,36.33,,,
2016-06-28T16:58:22.756,,,48.12,4,48.13,12,56.33,36.33,,,
2016-06-28T16:58:22.726,,,48.12,4,48.13,10,56.33,36.33,,,
2016-06-28T16:58:22.726,,,48.12,4,48.13,12,56.33,36.33,,,
2016-06-28T16:58:22.666,,,48.12,4,48.13,10,56.33,36.33,,,
2016-06-28T16:58:22.666,,,48.12,4,48.13,12,56.33,36.33,,,
2016-06-28T16:58:22.606,,,48.12,4,48.13,10,56.33,36.33,,,
2016-06-28T16:58:22.606,,,48.12,4,48.13,12,56.33,36.33,,,
2016-06-28T16:58:22.556,,,48.12,4,48.13,10,56.33,36.33,,,
2016-06-28T16:58:22.556,,,48.12,4,48.13,12,56.33,36.33,,,
2016-06-28T16:58:22.536,,,48.12,4,48.13,10,56.33,36.33,,,
2016-06-28T16:58:22.536,,,48.12,4,48.13,11,56.33,36.33,,,
2016-06-28T16:58:22.446,,,48.12,4,48.13,10,56.33,36.33,,,
2016-06-28T16:58:22.054,,,48.12,4,48.13,11,56.33,36.33,,,
2016-06-28T16:58:22.054,48.12,1,48.12,5,48.13,11,56.33,36.33,48.12,47.93,61823.48
2016-06-28T16:58:21.946,,,48.12,5,48.13,11,56.33,36.33,,,
2016-06-28T16:58:20.999,,,48.12,5,48.13,9,56.33,36.33,,,
2016-06-28T16:58:20.336,,,48.12,6,48.13,9,56.33,36.33,,,
2016-06-28T16:58:20.306,,,48.12,6,48.13,7,56.33,36.33,,,
2016-06-28T16:58:20.306,,,48.12,6,48.13,9,56.33,36.33,,,
2016-06-28T16:58:20.245,,,48.12,6,48.13,7,56.33,36.33,,,
2016-06-28T16:58:20.245,,,48.12,6,48.13,9,56.33,36.33,,,
2016-06-28T16:58:20.176,,,48.12,6,48.13,7,56.33,36.33,,,
2016-06-28T16:58:20.176,,,48.12,6,48.13,9,56.33,36.33,,,
2016-06-28T16:58:20.146,,,48.12,6,48.13,7,56.33,36.33,,,
2016-06-28T16:58:20.136,,,48.12,6,48.13,9,56.33,36.33,,,
2016-06-28T16:58:20.085,,,48.12,6,48.13,7,56.33,36.33,,,
2016-06-28T16:58:20.085,,,48.12,6,48.13,9,56.33,36.33,,,
2016-06-28T16:58:19.999,,,48.12,6,48.13,7,56.33,36.33,,,
2016-06-28T16:58:19.999,,,48.12,6,48.13,9,56.33,36.33,,,
2016-06-28T16:58:19.836,,,48.12,6,48.13,7,56.33,36.33,,,
2016-06-28T16:58:19.686,,,48.12,6,48.13,5,56.33,36.33,,,
2016-06-28T16:58:19.686,,,48.12,5,48.13,5,56.33,36.33,,,
2016-06-28T16:58:19.675,,,48.12,5,48.13,7,56.33,36.33,,,
2016-06-28T16:58:19.675,,,48.12,5,48.13,8,56.33,36.33,,,
2016-06-28T16:58:19.675,48.12,1,48.12,6,48.13,8,56.33,36.33,48.12,47.93,61775.36
2016-06-28T16:58:19.675,,,48.12,6,48.13,8,56.33,36.33,,,
2016-06-28T16:58:19.675,,,48.12,7,48.13,8,56.33,36.33,,,
2016-06-28T16:58:19.675,48.12,1,48.12,8,48.13,8,56.33,36.33,48.12,47.93,61727.24
2016-06-28T16:58:19.675,,,48.12,8,48.13,8,56.33,36.33,,,
2016-06-28T16:58:19.646,,,48.12,8,48.13,7,56.33,36.33,,,
2016-06-28T16:58:19.646,,,48.12,7,48.13,7,56.33,36.33,,,
2016-06-28T16:58:19.646,,,48.12,7,48.13,12,56.33,36.33,,,
2016-06-28T16:58:19.646,,,48.12,8,48.13,12,56.33,36.33,,,
2016-06-28T16:58:19.646,,,48.12,8,48.13,7,56.33,36.33,,,
2016-06-28T16:58:19.646,,,48.12,7,48.13,7,56.33,36.33,,,
2016-06-28T16:58:19.646,,,48.12,8,48.13,7,56.33,36.33,,,
2016-06-28T16:58:19.646,,,48.12,8,48.13,5,56.33,36.33,,,
2016-06-28T16:58:19.646,,,48.12,8,48.13,6,56.33,36.33,,,
2016-06-28T16:58:19.644,,,48.12,8,48.13,8,56.33,36.33,,,
2016-06-28T16:58:19.636,,,48.12,8,48.13,9,56.33,36.33,,,
2016-06-28T16:58:19.636,,,48.12,7,48.13,9,56.33,36.33,,,
2016-06-28T16:58:19.636,,,48.12,7,48.13,7,56.33,36.33,,,
2016-06-28T16:58:19.636,48.12,2,48.12,9,48.13,7,56.33,36.33,96.24,47.93,61679.12
2016-06-28T16:58:19.636,,,48.12,9,48.13,7,56.33,36.33,,,
2016-06-28T16:58:19.636,,,48.12,9,48.13,6,56.33,36.33,,,
2016-06-28T16:58:19.636,,,48.12,9,48.13,7,56.33,36.33,,,
2016-06-28T16:58:19.636,,,48.12,9,48.13,8,56.33,36.33,,,
2016-06-28T16:58:19.636,48.12,2,48.12,2,48.13,8,56.33,36.33,96.24,47.93,61582.88
2016-06-28T16:58:19.636,,,48.12,2,48.13,8,56.33,36.33,,,
2016-06-28T16:58:19.636,,,48.12,2,48.13,7,56.33,36.33,,,
2016-06-28T16:58:19.636,,,48.12,2,48.13,6,56.33,36.33,,,
2016-06-28T16:58:19.636,,,48.12,2,48.12,7,56.33,36.33,,,
2016-06-28T16:58:19.626,,,48.12,2,48.11,10,56.33,36.33,,,
2016-06-28T16:58:19.626,,,48.12,2,48.11,27,56.33,36.33,,,
2016-06-28T16:58:19.626,,,48.12,2,48.10,4,56.33,36.33,,,
2016-06-28T16:58:19.626,48.12,17,48.09,8,48.10,4,56.33,36.33,818.04,47.93,61486.64
2016-06-28T16:58:19.626,48.11,38,48.09,8,48.10,4,56.33,36.33,1828.18,47.93,60668.60
2016-06-28T16:58:19.626,48.10,5,48.09,8,48.10,4,56.33,36.33,240.50,47.93,58840.42
2016-06-28T16:58:16.236,,,48.09,8,48.10,4,56.33,36.33,,,
2016-06-28T16:58:15.086,,,48.09,8,48.10,3,56.33,36.33,,,
2016-06-28T16:58:15.075,48.09,4,48.09,12,48.10,3,56.33,36.33,192.36,47.92,58599.92
2016-06-28T16:58:14.726,,,48.09,12,48.10,3,56.33,36.33,,,
2016-06-28T16:58:08.845,,,48.09,13,48.10,3,56.33,36.33,,,
2016-06-28T16:58:08.834,,,48.09,14,48.10,3,56.33,36.33,,,
2016-06-28T16:58:08.834,,,48.09,14,48.11,25,56.33,36.33,,,
2016-06-28T16:58:08.834,48.10,1,48.10,1,48.11,25,56.33,36.33,48.10,47.92,58792.28
2016-06-28T16:58:08.834,,,48.10,1,48.11,25,56.33,36.33,,,
2016-06-28T16:58:08.834,,,48.10,1,48.10,1,56.33,36.33,,,
2016-06-28T16:58:08.834,48.10,1,48.09,14,48.10,1,56.33,36.33,48.10,47.92,58744.18
2016-06-28T16:58:08.834,,,48.09,14,48.10,1,56.33,36.33,,,
2016-06-28T16:58:08.834,,,48.09,14,48.11,25,56.33,36.33,,,
2016-06-28T16:58:08.825,48.10,1,48.10,1,48.11,25,56.33,36.33,48.10,47.92,58696.08
2016-06-28T16:58:07.886,,,48.10,1,48.11,25,56.33,36.33,,,
2016-06-28T16:58:07.886,,,48.10,1,48.11,24,56.33,36.33,,,
2016-06-28T16:58:07.886,48.10,1,48.10,2,48.11,24,56.33,36.33,48.10,47.92,58647.98
2016-06-28T16:58:06.896,,,48.10,2,48.11,24,56.33,36.33,,,
2016-06-28T16:58:06.894,48.10,1,48.10,3,48.11,24,56.33,36.33,48.10,47.92,58599.88
2016-06-28T16:58:04.136,,,48.10,3,48.11,24,56.33,36.33,,,
2016-06-28T16:58:03.966,,,48.10,3,48.11,23,56.33,36.33,,,
2016-06-28T16:58:02.915,,,48.10,3,48.11,22,56.33,36.33,,,
2016-06-28T16:58:01.116,,,48.10,2,48.11,22,56.33,36.33,,,
2016-06-28T16:57:58.394,,,48.10,2,48.11,21,56.33,36.33,,,
2016-06-28T16:57:57.816,,,48.10,2,48.11,16,56.33,36.33,,,
2016-06-28T16:57:57.726,,,48.09,12,48.11,16,56.33,36.33,,,
2016-06-28T16:57:57.515,,,48.09,12,48.11,18,56.33,36.33,,,
2016-06-28T16:57:57.515,,,48.09,13,48.11,18,56.33,36.33,,,
2016-06-28T16:57:57.515,,,48.09,13,48.10,1,56.33,36.33,,,
2016-06-28T16:57:57.515,,,48.09,13,48.11,13,56.33,36.33,,,
2016-06-28T16:57:57.515,,,48.09,14,48.11,13,56.33,36.33,,,
2016-06-28T16:57:57.515,48.09,10,48.10,10,48.11,13,56.33,36.33,480.90,47.92,58551.78
2016-06-28T16:57:57.515,48.10,10,48.10,10,48.11,13,56.33,36.33,481.00,47.92,59032.68
2016-06-28T16:57:57.365,,,48.10,10,48.11,13,56.33,36.33,,,
2016-06-28T16:57:57.224,,,48.10,10,48.11,11,56.33,36.33,,,
2016-06-28T16:57:56.245,,,48.10,9,48.11,11,56.33,36.33,,,
2016-06-28T16:57:55.837,,,48.10,6,48.11,11,56.33,36.33,,,
2016-06-28T16:57:55.307,,,48.10,5,48.11,11,56.33,36.33,,,
2016-06-28T16:57:55.277,,,48.10,5,48.11,10,56.33,36.33,,,
2016-06-28T16:57:55.247,,,48.10,5,48.11,9,56.33,36.33,,,
2016-06-28T16:57:55.247,,,48.10,1,48.11,9,56.33,36.33,,,
2016-06-28T16:57:55.237,,,48.10,1,48.11,10,56.33,36.33,,,
2016-06-28T16:57:55.237,,,48.10,1,48.11,11,56.33,36.33,,,
2016-06-28T16:57:55.237,,,48.10,1,48.11,13,56.33,36.33,,,
2016-06-28T16:57:55.237,,,48.09,9,48.11,13,56.33,36.33,,,
2016-06-28T16:57:55.237,48.11,15,48.09,9,48.11,28,56.33,36.33,721.65,47.92,59513.68
2016-06-28T16:57:55.087,,,48.09,9,48.11,28,56.33,36.33,,,
2016-06-28T16:57:53.626,,,48.09,9,48.11,33,56.33,36.33,,,
2016-06-28T16:57:53.616,48.09,1,48.09,10,48.11,33,56.33,36.33,48.09,47.92,58792.03
2016-06-28T16:57:53.466,,,48.09,10,48.11,33,56.33,36.33,,,
2016-06-28T16:57:53.377,,,48.09,10,48.11,28,56.33,36.33,,,
2016-06-28T16:57:53.377,,,48.09,10,48.11,33,56.33,36.33,,,
2016-06-28T16:57:53.377,,,48.09,11,48.11,33,56.33,36.33,,,
2016-06-28T16:57:53.375,48.10,1,48.10,1,48.11,33,56.33,36.33,48.10,47.92,58840.12
2016-06-28T16:57:53.355,,,48.10,1,48.11,33,56.33,36.33,,,
2016-06-28T16:57:53.355,,,48.10,1,48.11,31,56.33,36.33,,,
2016-06-28T16:57:53.355,48.10,1,48.10,2,48.11,31,56.33,36.33,48.10,47.92,58888.22
2016-06-28T16:57:53.277,,,48.10,2,48.11,31,56.33,36.33,,,
2016-06-28T16:57:53.277,,,48.10,2,48.11,26,56.33,36.33,,,
2016-06-28T16:57:53.277,,,48.10,2,48.11,24,56.33,36.33,,,
2016-06-28T16:57:53.277,,,48.10,2,48.11,25,56.33,36.33,,,
2016-06-28T16:57:53.277,,,48.09,10,48.11,25,56.33,36.33,,,
2016-06-28T16:57:53.277,,,48.09,6,48.11,25,56.33,36.33,,,
2016-06-28T16:57:53.277,,,48.09,6,48.11,24,56.33,36.33,,,
2016-06-28T16:57:53.277,,,48.09,6,48.11,25,56.33,36.33,,,
2016-06-28T16:57:53.277,,,48.09,6,48.11,26,56.33,36.33,,,
2016-06-28T16:57:53.277,,,48.09,6,48.11,27,56.33,36.33,,,
2016-06-28T16:57:53.277,,,48.09,6,48.11,31,56.33,36.33,,,
2016-06-28T16:57:53.277,48.11,4,48.09,6,48.10,1,56.33,36.33,192.44,47.92,58936.32
2016-06-28T16:57:53.277,48.10,21,48.09,6,48.10,1,56.33,36.33,1010.10,47.92,58743.88
2016-06-28T16:57:51.944,,,48.09,6,48.10,1,56.33,36.33,,,
2016-06-28T16:57:51.436,,,48.09,5,48.10,1,56.33,36.33,,,
2016-06-28T16:57:51.436,,,48.09,9,48.10,1,56.33,36.33,,,
2016-06-28T16:57:51.436,,,48.09,5,48.10,1,56.33,36.33,,,
2016-06-28T16:57:51.436,,,48.09,4,48.10,1,56.33,36.33,,,
2016-06-28T16:57:51.436,48.10,5,48.09,4,48.10,4,56.33,36.33,240.50,47.92,57733.78
2016-06-28T16:57:50.226,,,48.09,4,48.10,4,56.33,36.33,,,
2016-06-28T16:57:49.726,,,48.09,4,48.10,3,56.33,36.33,,,
2016-06-28T16:57:48.905,,,48.09,4,48.10,2,56.33,36.33,,,
2016-06-28T16:57:48.905,48.09,1,48.09,5,48.10,2,56.33,36.33,48.09,47.92,57493.28
2016-06-28T16:57:48.905,,,48.09,5,48.10,2,56.33,36.33,,,
2016-06-28T16:57:48.896,,,48.09,5,48.10,1,56.33,36.33,,,
2016-06-28T16:57:48.896,48.09,1,48.09,6,48.10,1,56.33,36.33,48.09,47.92,57541.37
2016-06-28T16:57:48.096,,,48.09,6,48.10,1,56.33,36.33,,,
2016-06-28T16:57:48.086,48.09,4,48.09,10,48.10,1,56.33,36.33,192.36,47.92,57589.46
2016-06-28T16:57:46.686,,,48.09,10,48.10,1,56.33,36.33,,,
2016-06-28T16:57:46.686,,,48.09,10,48.10,2,56.33,36.33,,,
2016-06-28T16:57:46.686,,,48.09,10,48.10,1,56.33,36.33,,,
2016-06-28T16:57:46.676,48.09,6,48.09,7,48.10,1,56.33,36.33,288.54,47.92,57781.82
2016-06-28T16:57:45.636,,,48.09,7,48.10,1,56.33,36.33,,,
2016-06-28T16:57:45.526,,,48.09,7,48.10,3,56.33,36.33,,,
2016-06-28T16:57:43.456,,,48.09,7,48.10,1,56.33,36.33,,,
2016-06-28T16:57:42.856,,,48.09,6,48.10,1,56.33,36.33,,,
2016-06-28T16:57:42.856,,,48.09,10,48.10,1,56.33,36.33,,,
2016-06-28T16:57:42.856,,,48.09,6,48.10,1,56.33,36.33,,,
2016-06-28T16:57:42.856,,,48.09,6,48.10,2,56.33,36.33,,,
2016-06-28T16:57:42.856,48.10,11,48.09,6,48.10,11,56.33,36.33,529.10,47.92,58070.36
2016-06-28T16:57:42.846,,,48.09,6,48.10,11,56.33,36.33,,,
2016-06-28T16:57:42.836,48.09,1,48.09,7,48.10,11,56.33,36.33,48.09,47.92,57541.26
2016-06-28T16:57:41.446,,,48.09,7,48.10,11,56.33,36.33,,,
2016-06-28T16:57:41.436,,,48.09,7,48.10,16,56.33,36.33,,,
2016-06-28T16:57:41.436,,,48.09,7,48.10,11,56.33,36.33,,,
2016-06-28T16:57:41.436,48.09,2,48.09,9,48.10,11,56.33,36.33,96.18,47.92,57493.17
2016-06-28T16:57:41.436,,,48.09,9,48.10,11,56.33,36.33,,,
2016-06-28T16:57:41.426,,,48.09,9,48.10,13,56.33,36.33,,,
2016-06-28T16:57:41.426,,,48.09,9,48.10,17,56.33,36.33,,,
2016-06-28T16:57:41.426,48.09,2,48.09,2,48.10,17,56.33,36.33,96.18,47.92,57396.99
2016-06-28T16:57:41.426,,,48.09,2,48.10,17,56.33,36.33,,,
2016-06-28T16:57:41.426,,,48.09,2,48.10,18,56.33,36.33,,,
2016-06-28T16:57:41.426,48.09,1,48.09,3,48.10,18,56.33,36.33,48.09,47.92,57300.81
2016-06-28T16:57:41.426,,,48.09,3,48.10,18,56.33,36.33,,,
2016-06-28T16:57:41.426,,,48.09,3,48.10,19,56.33,36.33,,,
2016-06-28T16:57:41.426,,,48.09,3,48.10,15,56.33,36.33,,,
2016-06-28T16:57:41.426,,,48.09,3,48.09,1,56.33,36.33,,,
2016-06-28T16:57:41.426,,,48.09,3,48.08,2,56.33,36.33,,,
2016-06-28T16:57:41.426,,,48.09,3,48.08,12,56.33,36.33,,,
2016-06-28T16:57:41.406,48.09,10,48.07,7,48.08,12,56.33,36.33,480.90,47.92,57252.72
2016-06-28T16:57:41.406,48.08,12,48.07,7,48.08,12,56.33,36.33,576.96,47.92,56771.82
2016-06-28T16:57:31.536,,,48.07,7,48.08,12,56.33,36.33,,,
2016-06-28T16:57:31.526,48.08,3,48.07,7,48.08,15,56.33,36.33,144.24,47.92,56194.86
2016-06-28T16:57:29.706,,,48.07,7,48.08,15,56.33,36.33,,,
2016-06-28T16:57:29.696,48.07,2,48.07,9,48.08,15,56.33,36.33,96.14,47.92,56050.62
2016-06-28T16:57:28.456,,,48.07,9,48.08,15,56.33,36.33,,,
2016-06-28T16:57:28.215,,,48.07,9,48.08,14,56.33,36.33,,,
2016-06-28T16:57:28.215,48.07,1,48.07,1,48.08,14,56.33,36.33,48.07,47.92,56146.76
2016-06-28T16:57:26.136,,,48.07,1,48.08,14,56.33,36.33,,,
2016-06-28T16:57:26.136,48.07,1,48.07,2,48.08,14,56.33,36.33,48.07,47.92,56194.83
2016-06-28T16:57:22.536,,,48.07,2,48.08,14,56.33,36.33,,,
2016-06-28T16:57:22.526,48.08,1,48.07,2,48.08,15,56.33,36.33,48.08,47.92,56242.90
2016-06-28T16:57:21.097,,,48.07,2,48.08,15,56.33,36.33,,,
2016-06-28T16:57:21.087,48.07,1,48.07,3,48.08,15,56.33,36.33,48.07,47.92,56194.82
2016-06-28T16:57:19.967,,,48.07,3,48.08,15,56.33,36.33,,,
2016-06-28T16:57:19.967,48.07,1,48.07,4,48.08,15,56.33,36.33,48.07,47.92,56242.89
2016-06-28T16:57:19.417,,,48.07,4,48.08,15,56.33,36.33,,,
2016-06-28T16:57:19.417,48.07,1,48.07,5,48.08,15,56.33,36.33,48.07,47.92,56290.96
2016-06-28T16:57:19.117,,,48.07,5,48.08,15,56.33,36.33,,,
2016-06-28T16:57:17.236,,,48.07,5,48.08,14,56.33,36.33,,,
2016-06-28T16:57:17.226,48.07,1,48.07,6,48.08,14,56.33,36.33,48.07,47.92,56339.03
2016-06-28T16:57:17.095,,,48.07,6,48.08,14,56.33,36.33,,,
2016-06-28T16:57:17.085,48.07,4,48.07,10,48.08,14,56.33,36.33,192.28,47.92,56387.10
2016-06-28T16:57:14.735,,,48.07,10,48.08,14,56.33,36.33,,,
2016-06-28T16:57:14.606,,,48.07,10,48.08,13,56.33,36.33,,,
2016-06-28T16:57:14.596,48.07,1,48.07,2,48.08,13,56.33,36.33,48.07,47.92,56579.38
2016-06-28T16:57:13.796,,,48.07,2,48.08,13,56.33,36.33,,,
2016-06-28T16:57:13.796,,,48.07,2,48.08,17,56.33,36.33,,,
2016-06-28T16:57:13.786,48.07,4,48.07,6,48.08,17,56.33,36.33,192.28,47.92,56627.45
2016-06-28T16:57:13.786,,,48.07,6,48.08,17,56.33,36.33,,,
2016-06-28T16:57:13.736,,,48.07,6,48.08,7,56.33,36.33,,,
2016-06-28T16:57:13.096,,,48.07,5,48.08,7,56.33,36.33,,,
2016-06-28T16:57:13.096,48.07,1,48.07,6,48.08,7,56.33,36.33,48.07,47.92,56819.73
2016-06-28T16:57:13.076,,,48.07,6,48.08,7,56.33,36.33,,,
2016-06-28T16:57:13.076,,,48.07,6,48.08,8,56.33,36.33,,,
2016-06-28T16:57:13.074,48.07,1,48.07,7,48.08,8,56.33,36.33,48.07,47.92,56867.80
2016-06-28T16:57:13.074,,,48.07,7,48.08,8,56.33,36.33,,,
2016-06-28T16:57:13.074,,,48.07,7,48.08,9,56.33,36.33,,,
2016-06-28T16:57:13.074,48.07,1,48.07,8,48.08,9,56.33,36.33,48.07,47.92,56915.87
2016-06-28T16:57:13.066,,,48.07,8,48.08,9,56.33,36.33,,,
2016-06-28T16:57:10.755,,,48.07,8,48.08,5,56.33,36.33,,,
2016-06-28T16:57:10.456,,,48.07,8,48.08,4,56.33,36.33,,,
2016-06-28T16:57:10.456,48.08,5,48.07,8,48.08,9,56.33,36.33,240.40,47.92,56963.94
2016-06-28T16:57:06.306,,,48.07,8,48.08,9,56.33,36.33,,,
2016-06-28T16:57:02.116,,,48.07,8,48.08,8,56.33,36.33,,,
2016-06-28T16:57:02.106,48.08,1,48.07,8,48.08,9,56.33,36.33,48.08,47.92,56723.54
2016-06-28T16:57:02.027,,,48.07,8,48.08,9,56.33,36.33,,,
2016-06-28T16:57:02.027,48.08,1,48.07,8,48.08,10,56.33,36.33,48.08,47.92,56675.46
2016-06-28T16:57:01.286,,,48.07,8,48.08,10,56.33,36.33,,,
2016-06-28T16:57:01.286,48.07,3,48.07,11,48.08,10,56.33,36.33,144.21,47.92,56627.38
2016-06-28T16:57:01.176,,,48.07,11,48.08,10,56.33,36.33,,,
2016-06-28T16:57:01.176,,,48.07,11,48.08,11,56.33,36.33,,,
2016-06-28T16:57:01.176,48.07,1,48.07,3,48.08,11,56.33,36.33,48.07,47.92,56771.59
2016-06-28T16:57:01.046,,,48.07,3,48.08,11,56.33,36.33,,,
2016-06-28T16:57:01.046,48.07,1,48.07,4,48.08,11,56.33,36.33,48.07,47.92,56819.66
2016-06-28T16:57:00.996,,,48.07,4,48.08,11,56.33,36.33,,,
2016-06-28T16:57:00.996,,,48.07,4,48.08,7,56.33,36.33,,,
2016-06-28T16:57:00.996,,,48.07,4,48.08,3,56.33,36.33,,,
2016-06-28T16:57:00.996,,,48.07,4,48.08,7,56.33,36.33,,,
2016-06-28T16:57:00.996,,,48.07,4,48.08,3,56.33,36.33,,,
2016-06-28T16:57:00.996,,,48.07,4,48.08,2,56.33,36.33,,,
2016-06-28T16:57:00.996,48.07,5,48.07,9,48.08,2,56.33,36.33,240.35,47.92,56867.73
2016-06-28T16:57:00.506,,,48.07,9,48.08,2,56.33,36.33,,,
2016-06-28T16:57:00.506,48.07,1,48.07,10,48.08,2,56.33,36.33,48.07,47.92,57108.08
2016-06-28T16:57:00.504,,,48.07,10,48.08,2,56.33,36.33,,,
2016-06-28T16:57:00.496,48.08,1,48.07,10,48.08,3,56.33,36.33,48.08,47.92,57156.15
2016-06-28T16:57:00.276,,,48.07,10,48.08,3,56.33,36.33,,,
2016-06-28T16:57:00.276,48.08,6,48.07,10,48.08,9,56.33,36.33,288.48,47.92,57204.23
2016-06-28T16:56:59.606,,,48.07,10,48.08,9,56.33,36.33,,,
2016-06-28T16:56:56.626,,,48.07,11,48.08,9,56.33,36.33,,,
2016-06-28T16:56:56.626,,,48.07,11,48.08,13,56.33,36.33,,,
2016-06-28T16:56:56.365,,,48.07,11,48.08,9,56.33,36.33,,,
2016-06-28T16:56:56.365,,,48.07,13,48.08,9,56.33,36.33,,,
2016-06-28T16:56:56.365,,,48.07,14,48.08,9,56.33,36.33,,,
2016-06-28T16:56:56.365,,,48.07,14,48.09,6,56.33,36.33,,,
2016-06-28T16:56:56.365,48.08,1,48.08,1,48.09,6,56.33,36.33,48.08,47.92,57492.71
2016-06-28T16:56:55.335,,,48.08,1,48.09,6,56.33,36.33,,,
2016-06-28T16:56:55.316,48.08,1,48.08,2,48.09,6,56.33,36.33,48.08,47.92,57540.79
2016-06-28T16:56:53.476,,,48.08,2,48.09,6,56.33,36.33,,,
2016-06-28T16:56:53.456,48.08,5,48.08,3,48.09,6,56.33,36.33,240.40,47.92,57588.87
2016-06-28T16:56:52.836,,,48.08,3,48.09,6,56.33,36.33,,,
2016-06-28T16:56:50.256,,,48.08,3,48.09,5,56.33,36.33,,,
2016-06-28T16:56:50.256,,,48.08,2,48.09,5,56.33,36.33,,,
2016-06-28T16:56:48.216,,,48.08,2,48.09,10,56.33,36.33,,,
2016-06-28T16:56:45.327,,,48.08,1,48.09,10,56.33,36.33,,,
2016-06-28T16:56:45.277,,,48.07,11,48.09,10,56.33,36.33,,,
2016-06-28T16:56:45.275,,,48.07,13,48.09,10,56.33,36.33,,,
2016-06-28T16:56:45.266,48.08,1,48.08,1,48.09,10,56.33,36.33,48.08,47.92,57829.27
2016-06-28T16:56:45.087,,,48.08,1,48.09,10,56.33,36.33,,,
2016-06-28T16:56:45.087,,,48.08,2,48.09,10,56.33,36.33,,,
2016-06-28T16:56:44.857,,,48.08,2,48.09,5,56.33,36.33,,,
2016-06-28T16:56:44.857,48.09,1,48.08,2,48.09,6,56.33,36.33,48.09,47.92,57877.35
2016-06-28T16:56:44.206,,,48.08,2,48.09,6,56.33,36.33,,,
2016-06-28T16:56:44.206,,,48.08,1,48.09,6,56.33,36.33,,,
2016-06-28T16:56:44.196,48.08,1,48.08,2,48.09,6,56.33,36.33,48.08,47.92,57829.26
2016-06-28T16:56:43.999,,,48.08,2,48.09,6,56.33,36.33,,,
2016-06-28T16:56:43.646,,,48.08,1,48.09,6,56.33,36.33,,,
2016-06-28T16:56:43.646,,,48.07,11,48.09,6,56.33,36.33,,,
2016-06-28T16:56:43.646,,,48.08,1,48.09,6,56.33,36.33,,,
2016-06-28T16:56:43.646,,,48.08,1,48.09,10,56.33,36.33,,,
2016-06-28T16:56:43.646,,,48.07,11,48.09,10,56.33,36.33,,,
2016-06-28T16:56:43.646,,,48.07,11,48.09,6,56.33,36.33,,,
2016-06-28T16:56:43.636,48.08,3,48.08,3,48.09,6,56.33,36.33,144.24,47.92,57877.34
2016-06-28T16:56:43.246,,,48.08,3,48.09,6,56.33,36.33,,,
2016-06-28T16:56:43.246,,,48.08,2,48.09,6,56.33,36.33,,,
2016-06-28T16:56:43.246,,,48.08,3,48.09,6,56.33,36.33,,,
2016-06-28T16:56:43.236,,,48.08,3,48.09,10,56.33,36.33,,,
2016-06-28T16:56:43.236,,,48.08,3,48.09,6,56.33,36.33,,,
2016-06-28T16:56:43.236,,,48.08,3,48.09,2,56.33,36.33,,,
2016-06-28T16:56:43.236,,,48.08,5,48.09,2,56.33,36.33,,,
2016-06-28T16:56:43.226,,,48.08,5,48.10,17,56.33,36.33,,,
2016-06-28T16:56:43.226,48.09,1,48.09,1,48.10,17,56.33,36.33,48.09,47.92,58021.58
2016-06-28T16:56:43.226,,,48.09,1,48.10,17,56.33,36.33,,,
2016-06-28T16:56:43.226,48.09,1,48.09,2,48.10,17,56.33,36.33,48.09,47.92,57973.49
2016-06-28T16:56:43.226,,,48.09,2,48.10,17,56.33,36.33,,,
2016-06-28T16:56:43.224,48.09,2,48.09,4,48.10,17,56.33,36.33,96.18,47.92,57925.40
2016-06-28T16:56:43.224,,,48.09,4,48.10,17,56.33,36.33,,,
2016-06-28T16:56:43.224,,,48.09,4,48.10,14,56.33,36.33,,,
2016-06-28T16:56:43.224,,,48.09,4,48.10,9,56.33,36.33,,,
2016-06-28T16:56:43.215,,,48.09,5,48.10,9,56.33,36.33,,,
2016-06-28T16:56:43.215,,,48.09,5,48.10,7,56.33,36.33,,,
2016-06-28T16:56:43.215,,,48.09,4,48.10,7,56.33,36.33,,,
2016-06-28T16:56:43.215,,,48.09,5,48.10,7,56.33,36.33,,,
2016-06-28T16:56:43.215,,,48.09,5,48.10,11,56.33,36.33,,,
2016-06-28T16:56:43.215,,,48.09,5,48.10,7,56.33,36.33,,,
2016-06-28T16:56:43.215,,,48.09,5,48.10,3,56.33,36.33,,,
2016-06-28T16:56:43.215,,,48.09,4,48.10,3,56.33,36.33,,,
2016-06-28T16:56:43.215,,,48.09,4,48.10,4,56.33,36.33,,,
2016-06-28T16:56:43.215,,,48.09,4,48.09,4,56.33,36.33,,,
2016-06-28T16:56:43.206,48.09,4,48.08,7,48.09,4,56.33,36.33,192.36,47.92,57829.22
2016-06-28T16:56:43.206,,,48.08,7,48.09,4,56.33,36.33,,,
2016-06-28T16:56:43.206,,,48.08,7,48.09,11,56.33,36.33,,,
2016-06-28T16:56:43.206,48.09,7,48.08,14,48.09,11,56.33,36.33,336.63,47.92,57636.86
2016-06-28T16:56:42.446,,,48.08,14,48.09,11,56.33,36.33,,,
2016-06-28T16:56:42.446,,,48.08,13,48.09,11,56.33,36.33,,,
2016-06-28T16:56:41.956,,,48.08,12,48.09,11,56.33,36.33,,,
2016-06-28T16:56:41.946,,,48.08,13,48.09,11,56.33,36.33,,,
2016-06-28T16:56:41.936,,,48.08,13,48.09,6,56.33,36.33,,,
2016-06-28T16:56:41.936,,,48.08,13,48.09,5,56.33,36.33,,,
2016-06-28T16:56:41.806,,,48.08,13,48.09,3,56.33,36.33,,,
2016-06-28T16:56:41.355,,,48.08,6,48.09,3,56.33,36.33,,,
2016-06-28T16:56:41.265,,,48.08,6,48.09,4,56.33,36.33,,,
2016-06-28T16:56:41.265,,,48.08,6,48.09,3,56.33,36.33,,,
2016-06-28T16:56:41.265,,,48.08,6,48.09,2,56.33,36.33,,,
2016-06-28T16:56:41.246,,,48.08,6,48.09,1,56.33,36.33,,,
2016-06-28T16:56:41.246,,,48.08,6,48.10,13,56.33,36.33,,,
2016-06-28T16:56:41.246,48.08,1,48.08,7,48.10,13,56.33,36.33,48.08,47.92,57300.23
2016-06-28T16:56:41.244,,,48.08,7,48.10,13,56.33,36.33,,,
2016-06-28T16:56:41.236,,,48.08,7,48.10,14,56.33,36.33,,,
2016-06-28T16:56:41.236,48.10,6,48.08,7,48.10,19,56.33,36.33,288.60,47.92,57348.31
2016-06-28T16:56:41.236,,,48.08,7,48.10,19,56.33,36.33,,,
2016-06-28T16:56:41.236,,,48.08,7,48.10,20,56.33,36.33,,,
2016-06-28T16:56:41.236,,,48.08,7,48.10,35,56.33,36.33,,,
2016-06-28T16:56:41.226,48.10,16,48.08,7,48.09,4,56.33,36.33,769.60,47.92,57059.71
2016-06-28T16:56:41.226,48.09,4,48.08,7,48.09,4,56.33,36.33,192.36,47.92,56290.11
2016-06-28T16:56:40.934,,,48.08,7,48.09,4,56.33,36.33,,,
2016-06-28T16:56:40.865,,,48.08,7,48.09,2,56.33,36.33,,,
2016-06-28T16:56:40.865,,,48.08,7,48.10,35,56.33,36.33,,,
2016-06-28T16:56:40.855,,,48.08,3,48.10,35,56.33,36.33,,,
2016-06-28T16:56:40.855,,,48.08,3,48.10,39,56.33,36.33,,,
2016-06-28T16:56:40.855,,,48.08,3,48.10,37,56.33,36.33,,,
2016-06-28T16:56:40.855,,,48.08,3,48.10,34,56.33,36.33,,,
2016-06-28T16:56:40.855,,,48.08,3,48.10,29,56.33,36.33,,,
2016-06-28T16:56:40.855,,,48.08,3,48.10,25,56.33,36.33,,,
2016-06-28T16:56:40.855,,,48.08,3,48.10,26,56.33,36.33,,,
2016-06-28T16:56:40.855,,,48.08,3,48.10,28,56.33,36.33,,,
2016-06-28T16:56:40.855,,,48.08,3,48.10,29,56.33,36.33,,,
2016-06-28T16:56:40.855,,,48.08,3,48.10,28,56.33,36.33,,,
2016-06-28T16:56:40.855,,,48.08,3,48.10,29,56.33,36.33,,,
2016-06-28T16:56:40.846,,,48.08,2,48.10,29,56.33,36.33,,,
2016-06-28T16:56:40.846,,,48.07,13,48.10,29,56.33,36.33,,,
2016-06-28T16:56:40.846,,,48.07,12,48.10,29,56.33,36.33,,,
2016-06-28T16:56:40.846,,,48.07,12,48.10,31,56.33,36.33,,,
2016-06-28T16:56:40.846,,,48.07,12,48.10,23,56.33,36.33,,,
2016-06-28T16:56:40.846,,,48.07,12,48.09,12,56.33,36.33,,,
2016-06-28T16:56:40.846,,,48.07,12,48.08,1,56.33,36.33,,,
2016-06-28T16:56:40.846,48.10,12,48.07,12,48.08,14,56.33,36.33,577.20,47.92,56482.47
2016-06-28T16:56:40.846,48.10,10,48.07,12,48.08,14,56.33,36.33,481.00,47.92,55905.27
2016-06-28T16:56:40.846,48.09,25,48.07,12,48.08,14,56.33,36.33,1202.25,47.92,55424.27
2016-06-28T16:56:40.844,48.08,14,48.07,12,48.08,14,56.33,36.33,673.12,47.92,54222.02
2016-06-28T16:56:39.936,,,48.07,12,48.08,14,56.33,36.33,,,
2016-06-28T16:56:39.936,,,48.07,12,48.08,10,56.33,36.33,,,
2016-06-28T16:56:39.654,,,48.07,12,48.08,14,56.33,36.33,,,
2016-06-28T16:56:39.646,,,48.07,12,48.08,15,56.33,36.33,,,
2016-06-28T16:56:39.646,,,48.07,8,48.08,15,56.33,36.33,,,
2016-06-28T16:56:39.585,,,48.07,8,48.08,20,56.33,36.33,,,
2016-06-28T16:56:39.576,48.08,3,48.07,8,48.08,21,56.33,36.33,144.24,47.92,53548.90
2016-06-28T16:56:38.886,,,48.07,8,48.08,21,56.33,36.33,,,
2016-06-28T16:56:38.884,,,48.07,8,48.08,22,56.33,36.33,,,
2016-06-28T16:56:38.856,,,48.07,8,48.08,42,56.33,36.33,,,
2016-06-28T16:56:38.856,48.07,1,48.07,9,48.08,42,56.33,36.33,48.07,47.92,53404.66
2016-06-28T16:56:38.806,,,48.07,9,48.08,42,56.33,36.33,,,
2016-06-28T16:56:38.176,,,48.07,9,48.08,43,56.33,36.33,,,
2016-06-28T16:56:38.176,,,48.07,9,48.08,44,56.33,36.33,,,
2016-06-28T16:56:38.176,,,48.07,9,48.08,43,56.33,36.33,,,
2016-06-28T16:56:38.176,,,48.07,9,48.08,38,56.33,36.33,,,
2016-06-28T16:56:38.165,,,48.07,9,48.08,42,56.33,36.33,,,
2016-06-28T16:56:38.165,,,48.07,9,48.08,43,56.33,36.33,,,
2016-06-28T16:56:38.165,,,48.07,9,48.08,39,56.33,36.33,,,
2016-06-28T16:56:38.165,,,48.07,9,48.07,9,56.33,36.33,,,
2016-06-28T16:56:38.165,48.07,9,48.06,5,48.07,9,56.33,36.33,432.63,47.92,53356.59
2016-06-28T16:56:35.396,,,48.06,5,48.07,9,56.33,36.33,,,
2016-06-28T16:56:35.396,48.07,2,48.06,5,48.07,11,56.33,36.33,96.14,47.92,52923.96
2016-06-28T16:56:35.246,,,48.06,5,48.07,11,56.33,36.33,,,
2016-06-28T16:56:35.246,,,48.06,1,48.07,11,56.33,36.33,,,
2016-06-28T16:56:35.246,48.07,1,48.06,1,48.07,12,56.33,36.33,48.07,47.92,52827.82
2016-06-28T16:56:33.854,,,48.06,1,48.07,12,56.33,36.33,,,
2016-06-28T16:56:27.887,,,48.06,1,48.07,11,56.33,36.33,,,
2016-06-28T16:56:27.887,,,48.06,2,48.07,11,56.33,36.33,,,
2016-06-28T16:56:27.166,,,48.06,2,48.07,6,56.33,36.33,,,
2016-06-28T16:56:25.905,,,48.06,1,48.07,6,56.33,36.33,,,
2016-06-28T16:56:25.905,48.06,2,48.06,3,48.07,6,56.33,36.33,96.12,47.92,52779.75
2016-06-28T16:56:25.326,,,48.06,3,48.07,6,56.33,36.33,,,
2016-06-28T16:56:25.326,,,48.06,3,48.07,4,56.33,36.33,,,
2016-06-28T16:56:25.326,,,48.06,3,48.07,5,56.33,36.33,,,
2016-06-28T16:56:25.326,,,48.06,2,48.07,5,56.33,36.33,,,
2016-06-28T16:56:25.326,,,48.06,3,48.07,5,56.33,36.33,,,
2016-06-28T16:56:25.326,,,48.06,3,48.07,9,56.33,36.33,,,
2016-06-28T16:56:25.326,,,48.06,3,48.07,8,56.33,36.33,,,
2016-06-28T16:56:25.326,,,48.06,3,48.07,4,56.33,36.33,,,
2016-06-28T16:56:25.326,,,48.06,3,48.07,5,56.33,36.33,,,
2016-06-28T16:56:25.326,,,48.06,1,48.07,5,56.33,36.33,,,
2016-06-28T16:56:25.326,,,48.05,16,48.07,5,56.33,36.33,,,
2016-06-28T16:56:25.326,,,48.05,16,48.06,1,56.33,36.33,,,
2016-06-28T16:56:25.326,48.07,1,48.05,16,48.06,17,56.33,36.33,48.07,47.92,52875.87
2016-06-28T16:56:25.324,48.07,1,48.05,16,48.06,17,56.33,36.33,48.07,47.92,52827.80
2016-06-28T16:56:25.316,48.07,20,48.05,16,48.06,17,56.33,36.33,961.40,47.92,52779.73
2016-06-28T16:56:25.316,48.06,30,48.05,16,48.06,17,56.33,36.33,1441.80,47.92,51818.33
2016-06-28T16:56:20.976,,,48.05,16,48.06,17,56.33,36.33,,,
2016-06-28T16:56:20.956,48.05,1,48.05,17,48.06,17,56.33,36.33,48.05,47.92,50376.53
2016-06-28T16:56:16.984,,,48.05,17,48.06,17,56.33,36.33,,,
2016-06-28T16:56:16.976,48.06,1,48.05,17,48.06,18,56.33,36.33,48.06,47.92,50424.58
2016-06-28T16:56:11.667,,,48.05,17,48.06,18,56.33,36.33,,,
2016-06-28T16:56:11.667,,,48.05,18,48.06,18,56.33,36.33,,,
2016-06-28T16:56:10.527,,,48.05,18,48.06,8,56.33,36.33,,,
2016-06-28T16:56:10.066,,,48.05,18,48.06,6,56.33,36.33,,,
2016-06-28T16:56:10.066,48.06,1,48.05,18,48.06,7,56.33,36.33,48.06,47.92,50376.52
2016-06-28T16:56:06.416,,,48.05,18,48.06,7,56.33,36.33,,,
2016-06-28T16:56:03.174,,,48.05,18,48.06,6,56.33,36.33,,,
2016-06-28T16:56:01.896,,,48.05,18,48.06,5,56.33,36.33,,,
2016-06-28T16:56:01.886,48.05,1,48.05,19,48.06,5,56.33,36.33,48.05,47.92,50328.46
2016-06-28T16:56:01.756,,,48.05,19,48.06,5,56.33,36.33,,,
2016-06-28T16:56:01.746,48.05,1,48.05,20,48.06,5,56.33,36.33,48.05,47.92,50376.51
2016-06-28T16:56:00.999,,,48.05,20,48.06,5,56.33,36.33,,,
2016-06-28T16:56:00.686,,,48.05,19,48.06,5,56.33,36.33,,,
2016-06-28T16:56:00.686,,,48.05,18,48.06,5,56.33,36.33,,,
2016-06-28T16:56:00.686,48.06,10,48.05,18,48.06,15,56.33,36.33,480.60,47.92,50424.56
2016-06-28T16:56:00.116,,,48.05,18,48.06,15,56.33,36.33,,,
2016-06-28T16:56:00.105,48.05,1,48.05,19,48.06,15,56.33,36.33,48.05,47.92,49943.96
2016-06-28T16:55:59.815,,,48.05,19,48.06,15,56.33,36.33,,,
2016-06-28T16:55:59.526,,,48.05,20,48.06,15,56.33,36.33,,,
2016-06-28T16:55:59.526,48.06,1,48.05,20,48.06,17,56.33,36.33,48.06,47.92,49992.01
2016-06-28T16:55:59.526,48.06,2,48.05,20,48.06,17,56.33,36.33,96.12,47.92,49943.95
2016-06-28T16:55:59.526,,,48.05,20,48.06,17,56.33,36.33,,,
2016-06-28T16:55:59.526,,,48.05,20,48.06,18,56.33,36.33,,,
2016-06-28T16:55:59.526,,,48.05,21,48.06,18,56.33,36.33,,,
2016-06-28T16:55:59.515,,,48.05,17,48.06,18,56.33,36.33,,,
2016-06-28T16:55:59.515,,,48.05,17,48.06,19,56.33,36.33,,,
2016-06-28T16:55:59.265,,,48.05,15,48.06,19,56.33,36.33,,,
2016-06-28T16:55:59.256,,,48.05,14,48.06,19,56.33,36.33,,,
2016-06-28T16:55:58.746,,,48.05,13,48.06,19,56.33,36.33,,,
2016-06-28T16:55:58.746,,,48.05,13,48.06,20,56.33,36.33,,,
2016-06-28T16:55:57.476,,,48.05,13,48.06,25,56.33,36.33,,,
2016-06-28T16:55:57.426,,,48.05,13,48.06,26,56.33,36.33,,,
2016-06-28T16:55:57.426,48.05,2,48.05,15,48.06,26,56.33,36.33,96.10,47.92,49847.83
2016-06-28T16:55:57.426,,,48.05,15,48.06,26,56.33,36.33,,,
2016-06-28T16:55:57.426,48.05,2,48.05,8,48.06,26,56.33,36.33,96.10,47.92,49751.73
2016-06-28T16:55:56.766,,,48.05,8,48.06,26,56.33,36.33,,,
2016-06-28T16:55:56.756,48.05,5,48.05,13,48.06,26,56.33,36.33,240.25,47.92,49655.63
2016-06-28T16:55:56.666,,,48.05,13,48.06,26,56.33,36.33,,,
2016-06-28T16:55:55.784,,,48.05,12,48.06,26,56.33,36.33,,,
2016-06-28T16:55:55.565,,,48.05,12,48.06,28,56.33,36.33,,,
2016-06-28T16:55:55.186,,,48.05,11,48.06,28,56.33,36.33,,,
2016-06-28T16:55:55.186,,,48.05,7,48.06,28,56.33,36.33,,,
2016-06-28T16:55:55.184,48.05,10,48.05,8,48.06,28,56.33,36.33,480.50,47.92,49415.38
2016-06-28T16:55:55.106,,,48.05,8,48.06,28,56.33,36.33,,,
2016-06-28T16:55:55.076,,,48.05,8,48.06,30,56.33,36.33,,,
2016-06-28T16:55:55.076,48.05,2,48.05,1,48.06,30,56.33,36.33,96.10,47.92,48934.88
2016-06-28T16:55:55.076,,,48.05,1,48.06,30,56.33,36.33,,,
2016-06-28T16:55:55.076,48.05,2,48.05,3,48.06,30,56.33,36.33,96.10,47.92,48838.78
2016-06-28T16:55:55.076,,,48.05,3,48.06,30,56.33,36.33,,,
2016-06-28T16:55:55.065,48.05,1,48.05,4,48.06,30,56.33,36.33,48.05,47.92,48742.68
2016-06-28T16:55:54.686,,,48.05,4,48.06,30,56.33,36.33,,,
2016-06-28T16:55:54.686,48.05,1,48.05,5,48.06,30,56.33,36.33,48.05,47.92,48694.63
2016-06-28T16:55:54.686,,,48.05,5,48.06,30,56.33,36.33,,,
2016-06-28T16:55:54.676,48.05,1,48.05,6,48.06,30,56.33,36.33,48.05,47.92,48646.58
2016-06-28T16:55:54.177,,,48.05,6,48.06,30,56.33,36.33,,,
2016-06-28T16:55:54.177,48.05,1,48.05,7,48.06,30,56.33,36.33,48.05,47.92,48598.53
2016-06-28T16:55:54.127,,,48.05,7,48.06,30,56.33,36.33,,,
2016-06-28T16:55:54.127,,,48.05,7,48.06,27,56.33,36.33,,,
2016-06-28T16:55:54.127,,,48.05,7,48.06,25,56.33,36.33,,,
2016-06-28T16:55:54.127,,,48.05,7,48.06,20,56.33,36.33,,,
2016-06-28T16:55:54.127,48.05,1,48.05,8,48.06,20,56.33,36.33,48.05,47.92,48550.48
2016-06-28T16:55:54.127,,,48.05,8,48.06,20,56.33,36.33,,,
2016-06-28T16:55:54.127,,,48.05,8,48.06,21,56.33,36.33,,,
2016-06-28T16:55:54.127,,,48.05,8,48.06,20,56.33,36.33,,,
2016-06-28T16:55:54.127,,,48.05,8,48.05,3,56.33,36.33,,,
2016-06-28T16:55:54.117,48.05,3,48.04,9,48.05,3,56.33,36.33,144.15,47.92,48502.43
2016-06-28T16:55:53.286,,,48.04,9,48.05,3,56.33,36.33,,,
2016-06-28T16:55:53.276,48.04,2,48.04,11,48.05,3,56.33,36.33,96.08,47.92,48358.28
2016-06-28T16:55:50.106,,,48.04,11,48.05,3,56.33,36.33,,,
2016-06-28T16:55:50.106,,,48.04,10,48.05,3,56.33,36.33,,,
2016-06-28T16:55:49.976,,,48.04,10,48.05,8,56.33,36.33,,,
2016-06-28T16:55:49.976,,,48.04,6,48.05,8,56.33,36.33,,,
2016-06-28T16:55:49.976,,,48.04,6,48.05,12,56.33,36.33,,,
2016-06-28T16:55:49.976,,,48.04,6,48.05,13,56.33,36.33,,,
2016-06-28T16:55:49.966,48.05,4,48.04,6,48.05,17,56.33,36.33,192.20,47.92,48454.36
2016-06-28T16:55:48.999,,,48.04,6,48.05,17,56.33,36.33,,,
2016-06-28T16:55:45.135,,,48.04,5,48.05,17,56.33,36.33,,,
2016-06-28T16:55:45.076,,,48.04,5,48.05,16,56.33,36.33,,,
2016-06-28T16:55:44.036,,,48.04,5,48.05,12,56.33,36.33,,,
2016-06-28T16:55:44.036,48.04,1,48.04,6,48.05,12,56.33,36.33,48.04,47.92,48262.16
2016-06-28T16:55:42.526,,,48.04,6,48.05,12,56.33,36.33,,,
2016-06-28T16:55:42.526,48.04,1,48.04,7,48.05,12,56.33,36.33,48.04,47.92,48310.20
2016-06-28T16:55:42.216,,,48.04,7,48.05,12,56.33,36.33,,,
2016-06-28T16:55:41.846,,,48.04,7,48.05,9,56.33,36.33,,,
2016-06-28T16:55:40.999,,,48.04,7,48.05,12,56.33,36.33,,,
2016-06-28T16:55:40.976,,,48.04,6,48.05,12,56.33,36.33,,,
2016-06-28T16:55:40.436,,,48.04,6,48.05,13,56.33,36.33,,,
2016-06-28T16:55:40.436,48.05,4,48.04,6,48.05,17,56.33,36.33,192.20,47.92,48358.24
2016-06-28T16:55:38.806,,,48.04,6,48.05,17,56.33,36.33,,,
2016-06-28T16:55:38.806,,,48.04,6,48.05,12,56.33,36.33,,,
2016-06-28T16:55:38.806,,,48.04,6,48.05,13,56.33,36.33,,,
2016-06-28T16:55:38.806,,,48.04,6,48.05,10,56.33,36.33,,,
2016-06-28T16:55:38.806,,,48.04,6,48.05,11,56.33,36.33,,,
2016-06-28T16:55:38.806,,,48.04,6,48.05,12,56.33,36.33,,,
2016-06-28T16:55:38.804,,,48.04,6,48.04,9,56.33,36.33,,,
2016-06-28T16:55:38.786,48.04,9,48.03,6,48.04,9,56.33,36.33,432.36,47.92,48166.04
2016-06-28T16:55:34.476,,,48.03,6,48.04,9,56.33,36.33,,,
2016-06-28T16:55:31.556,,,48.03,6,48.04,8,56.33,36.33,,,
2016-06-28T16:55:31.556,,,48.03,6,48.04,9,56.33,36.33,,,
2016-06-28T16:55:31.386,,,48.03,6,48.04,10,56.33,36.33,,,
2016-06-28T16:55:31.106,,,48.03,6,48.04,11,56.33,36.33,,,
2016-06-28T16:55:30.975,,,48.03,6,48.04,10,56.33,36.33,,,
2016-06-28T16:55:30.965,48.03,1,48.03,7,48.04,10,56.33,36.33,48.03,47.92,47733.68
2016-06-28T16:55:30.116,,,48.03,7,48.04,10,56.33,36.33,,,
2016-06-28T16:55:30.106,,,48.03,7,48.04,15,56.33,36.33,,,
2016-06-28T16:55:29.346,,,48.03,7,48.04,14,56.33,36.33,,,
2016-06-28T16:55:29.336,48.03,1,48.03,8,48.04,14,56.33,36.33,48.03,47.92,47781.71
2016-06-28T16:55:27.716,,,48.03,8,48.04,14,56.33,36.33,,,
2016-06-28T16:55:27.716,48.04,1,48.03,8,48.04,15,56.33,36.33,48.04,47.92,47829.74
2016-06-28T16:55:27.676,,,48.03,8,48.04,15,56.33,36.33,,,
2016-06-28T16:55:27.666,48.03,1,48.03,9,48.04,15,56.33,36.33,48.03,47.92,47781.70
2016-06-28T16:55:25.266,,,48.03,9,48.04,15,56.33,36.33,,,
2016-06-28T16:55:25.266,48.03,1,48.03,1,48.04,15,56.33,36.33,48.03,47.92,47733.67
2016-06-28T16:55:25.266,,,48.03,1,48.04,15,56.33,36.33,,,
2016-06-28T16:55:25.266,48.03,1,48.03,2,48.04,15,56.33,36.33,48.03,47.92,47685.64
2016-06-28T16:55:24.806,,,48.03,2,48.04,15,56.33,36.33,,,
2016-06-28T16:55:24.786,,,48.03,2,48.04,18,56.33,36.33,,,
2016-06-28T16:55:24.776,,,48.03,2,48.04,15,56.33,36.33,,,
2016-06-28T16:55:24.776,,,48.03,2,48.04,16,56.33,36.33,,,
2016-06-28T16:55:24.776,,,48.03,2,48.04,20,56.33,36.33,,,
2016-06-28T16:55:24.776,48.03,2,48.03,4,48.04,20,56.33,36.33,96.06,47.92,47637.61
2016-06-28T16:55:24.776,,,48.03,4,48.04,20,56.33,36.33,,,
2016-06-28T16:55:24.776,48.03,1,48.03,5,48.04,20,56.33,36.33,48.03,47.92,47541.55
2016-06-28T16:55:24.766,,,48.03,5,48.04,20,56.33,36.33,,,
2016-06-28T16:55:24.764,48.03,1,48.03,6,48.04,20,56.33,36.33,48.03,47.92,47493.52
2016-06-28T16:55:24.764,,,48.03,6,48.04,20,56.33,36.33,,,
2016-06-28T16:55:24.764,48.03,3,48.03,9,48.04,20,56.33,36.33,144.09,47.92,47445.49
2016-06-28T16:55:24.764,,,48.03,9,48.04,20,56.33,36.33,,,
2016-06-28T16:55:24.764,48.03,2,48.03,2,48.04,20,56.33,36.33,96.06,47.92,47301.40
2016-06-28T16:55:24.764,,,48.03,2,48.04,20,56.33,36.33,,,
2016-06-28T16:55:24.764,48.03,1,48.03,3,48.04,20,56.33,36.33,48.03,47.92,47205.34
2016-06-28T16:55:24.764,,,48.03,3,48.04,20,56.33,36.33,,,
2016-06-28T16:55:24.764,,,48.03,3,48.04,24,56.33,36.33,,,
2016-06-28T16:55:24.764,,,48.03,3,48.04,25,56.33,36.33,,,
2016-06-28T16:55:24.764,48.03,6,48.03,9,48.04,25,56.33,36.33,288.18,47.92,47157.31
2016-06-28T16:55:24.764,,,48.03,9,48.04,25,56.33,36.33,,,
2016-06-28T16:55:24.764,,,48.03,9,48.04,21,56.33,36.33,,,
2016-06-28T16:55:24.764,,,48.03,9,48.04,17,56.33,36.33,,,
2016-06-28T16:55:24.764,,,48.03,9,48.03,1,56.33,36.33,,,
2016-06-28T16:55:24.764,,,48.03,9,48.03,9,56.33,36.33,,,
2016-06-28T16:55:24.764,,,48.03,9,48.02,9,56.33,36.33,,,
2016-06-28T16:55:24.756,48.03,9,48.01,5,48.02,9,56.33,36.33,432.27,47.92,46869.13
2016-06-28T16:55:24.756,48.02,9,48.01,5,48.02,9,56.33,36.33,432.18,47.92,46436.86
2016-06-28T16:55:24.496,,,48.01,5,48.02,9,56.33,36.33,,,
2016-06-28T16:55:22.999,,,48.01,4,48.02,9,56.33,36.33,,,
2016-06-28T16:55:21.976,,,48.01,3,48.02,9,56.33,36.33,,,
2016-06-28T16:55:21.966,48.02,1,48.01,3,48.02,10,56.33,36.33,48.02,47.92,46004.68
2016-06-28T16:55:19.026,,,48.01,3,48.02,10,56.33,36.33,,,
2016-06-28T16:55:19.026,48.01,1,48.01,4,48.02,10,56.33,36.33,48.01,47.92,45956.66
2016-06-28T16:55:18.927,,,48.01,4,48.02,10,56.33,36.33,,,
2016-06-28T16:55:18.256,,,48.01,3,48.02,10,56.33,36.33,,,
2016-06-28T16:55:18.026,,,48.01,3,48.02,9,56.33,36.33,,,
2016-06-28T16:55:18.026,48.01,2,48.01,5,48.02,9,56.33,36.33,96.02,47.92,46004.67
2016-06-28T16:55:17.805,,,48.01,5,48.02,9,56.33,36.33,,,
2016-06-28T16:55:17.805,,,48.01,1,48.02,9,56.33,36.33,,,
2016-06-28T16:55:17.796,48.01,2,48.01,3,48.02,9,56.33,36.33,96.02,47.92,46100.69
2016-06-28T16:55:17.756,,,48.01,3,48.02,9,56.33,36.33,,,
2016-06-28T16:55:17.246,,,48.01,3,48.02,8,56.33,36.33,,,
2016-06-28T16:55:16.724,,,48.01,3,48.02,6,56.33,36.33,,,
2016-06-28T16:55:16.716,48.01,2,48.01,5,48.02,6,56.33,36.33,96.02,47.92,46196.71
2016-06-28T16:55:14.846,,,48.01,5,48.02,6,56.33,36.33,,,
2016-06-28T16:55:14.836,48.02,1,48.01,5,48.02,7,56.33,36.33,48.02,47.92,46292.73
2016-06-28T16:55:14.436,,,48.01,5,48.02,7,56.33,36.33,,,
2016-06-28T16:55:14.436,48.02,1,48.01,5,48.02,8,56.33,36.33,48.02,47.92,46244.71
2016-06-28T16:55:14.336,,,48.01,5,48.02,8,56.33,36.33,,,
2016-06-28T16:55:14.326,48.02,1,48.01,5,48.02,9,56.33,36.33,48.02,47.92,46196.69
2016-06-28T16:55:14.054,,,48.01,5,48.02,9,56.33,36.33,,,
2016-06-28T16:55:14.054,48.02,1,48.01,5,48.02,10,56.33,36.33,48.02,47.92,46148.67
2016-06-28T16:55:14.026,,,48.01,5,48.02,10,56.33,36.33,,,
2016-06-28T16:55:14.026,48.01,1,48.01,6,48.02,10,56.33,36.33,48.01,47.92,46100.65
2016-06-28T16:55:13.816,,,48.01,6,48.02,10,56.33,36.33,,,
2016-06-28T16:55:13.816,48.01,1,48.01,7,48.02,10,56.33,36.33,48.01,47.92,46148.66
2016-06-28T16:55:13.346,,,48.01,7,48.02,10,56.33,36.33,,,
2016-06-28T16:55:13.334,48.02,1,48.01,7,48.02,11,56.33,36.33,48.02,47.92,46196.67
2016-06-28T16:55:13.126,,,48.01,7,48.02,11,56.33,36.33,,,
2016-06-28T16:55:12.756,,,48.01,7,48.02,10,56.33,36.33,,,
2016-06-28T16:55:09.556,,,48.01,6,48.02,10,56.33,36.33,,,
2016-06-28T16:55:09.536,48.01,1,48.01,7,48.02,10,56.33,36.33,48.01,47.92,46148.65
2016-06-28T16:55:06.257,,,48.01,7,48.02,10,56.33,36.33,,,
2016-06-28T16:55:05.116,,,48.01,6,48.02,10,56.33,36.33,,,
2016-06-28T16:55:05.116,,,48.01,6,48.02,11,56.33,36.33,,,
2016-06-28T16:55:05.116,,,48.01,2,48.02,11,56.33,36.33,,,
2016-06-28T16:55:05.096,,,48.00,28,48.02,11,56.33,36.33,,,
2016-06-28T16:55:05.096,,,48.00,24,48.02,11,56.33,36.33,,,
2016-06-28T16:55:04.276,,,48.00,22,48.02,11,56.33,36.33,,,
2016-06-28T16:55:03.227,,,48.00,22,48.02,10,56.33,36.33,,,
2016-06-28T16:55:03.227,,,48.00,22,48.02,9,56.33,36.33,,,
2016-06-28T16:55:03.227,,,48.00,22,48.02,5,56.33,36.33,,,
2016-06-28T16:55:03.227,,,48.00,22,48.02,1,56.33,36.33,,,
2016-06-28T16:55:03.227,48.01,2,48.01,2,48.02,1,56.33,36.33,96.02,47.92,46196.66
2016-06-28T16:55:03.037,,,48.01,2,48.02,1,56.33,36.33,,,
2016-06-28T16:55:03.037,,,48.01,6,48.02,1,56.33,36.33,,,
2016-06-28T16:55:03.037,,,48.01,2,48.02,1,56.33,36.33,,,
2016-06-28T16:55:03.037,,,48.01,2,48.03,6,56.33,36.33,,,
2016-06-28T16:55:03.037,48.01,2,48.01,4,48.03,6,56.33,36.33,96.02,47.92,46292.68
2016-06-28T16:55:02.937,,,48.01,4,48.03,6,56.33,36.33,,,
2016-06-28T16:55:02.927,,,48.01,6,48.03,6,56.33,36.33,,,
2016-06-28T16:55:02.916,,,48.02,4,48.03,6,56.33,36.33,,,
2016-06-28T16:55:02.916,,,48.02,5,48.03,6,56.33,36.33,,,
2016-06-28T16:55:02.916,48.02,1,48.02,6,48.03,6,56.33,36.33,48.02,47.92,46388.70
2016-06-28T16:55:02.797,,,48.02,6,48.03,6,56.33,36.33,,,
2016-06-28T16:55:02.797,,,48.02,7,48.03,6,56.33,36.33,,,
2016-06-28T16:55:02.797,,,48.02,7,48.03,2,56.33,36.33,,,
2016-06-28T16:55:02.797,,,48.02,7,48.04,12,56.33,36.33,,,
2016-06-28T16:55:02.797,,,48.02,7,48.04,7,56.33,36.33,,,
2016-06-28T16:55:02.797,,,48.02,7,48.04,4,56.33,36.33,,,
2016-06-28T16:55:02.797,,,48.02,7,48.04,3,56.33,36.33,,,
2016-06-28T16:55:02.795,48.02,1,48.02,8,48.04,3,56.33,36.33,48.02,47.92,46436.72
2016-06-28T16:55:02.476,,,48.02,8,48.04,3,56.33,36.33,,,
2016-06-28T16:55:02.466,,,48.02,8,48.04,8,56.33,36.33,,,
2016-06-28T16:55:02.344,,,48.02,8,48.04,11,56.33,36.33,,,
2016-06-28T16:55:02.247,,,48.02,8,48.04,9,56.33,36.33,,,
2016-06-28T16:55:01.966,,,48.02,8,48.04,6,56.33,36.33,,,
2016-06-28T16:55:01.966,,,48.02,8,48.04,9,56.33,36.33,,,
2016-06-28T16:55:01.966,,,48.02,8,48.04,10,56.33,36.33,,,
2016-06-28T16:55:01.897,,,48.02,4,48.04,10,56.33,36.33,,,
2016-06-28T16:55:01.897,,,48.02,4,48.04,5,56.33,36.33,,,
2016-06-28T16:55:01.827,,,48.02,4,48.03,1,56.33,36.33,,,
2016-06-28T16:55:01.827,,,48.02,4,48.04,5,56.33,36.33,,,
2016-06-28T16:55:01.827,48.02,1,48.02,5,48.04,5,56.33,36.33,48.02,47.92,46484.74
2016-06-28T16:55:01.827,,,48.02,5,48.04,5,56.33,36.33,,,
2016-06-28T16:55:01.816,,,48.02,5,48.04,10,56.33,36.33,,,
2016-06-28T16:55:01.816,,,48.02,5,48.04,7,56.33,36.33,,,
2016-06-28T16:55:01.807,,,48.02,5,48.04,2,56.33,36.33,,,
2016-06-28T16:55:01.807,,,48.02,9,48.04,2,56.33,36.33,,,
2016-06-28T16:55:01.797,48.03,2,48.03,2,48.04,2,56.33,36.33,96.06,47.92,46532.76
2016-06-28T16:55:01.728,,,48.03,2,48.04,2,56.33,36.33,,,
2016-06-28T16:55:01.717,48.03,1,48.03,3,48.04,2,56.33,36.33,48.03,47.92,46628.82
2016-06-28T16:55:01.558,,,48.03,3,48.04,2,56.33,36.33,,,
2016-06-28T16:55:01.558,,,48.03,3,48.04,1,56.33,36.33,,,
2016-06-28T16:55:01.548,48.03,1,48.03,4,48.04,1,56.33,36.33,48.03,47.92,46676.85
2016-06-28T16:55:01.236,,,48.03,4,48.04,1,56.33,36.33,,,
2016-06-28T16:55:01.236,,,48.03,4,48.04,6,56.33,36.33,,,
2016-06-28T16:55:01.227,,,48.03,3,48.04,6,56.33,36.33,,,
2016-06-28T16:55:01.147,,,48.03,3,48.04,9,56.33,36.33,,,
2016-06-28T16:55:01.147,,,48.03,3,48.04,10,56.33,36.33,,,
2016-06-28T16:55:01.137,,,48.03,2,48.04,10,56.33,36.33,,,
2016-06-28T16:55:01.127,48.03,1,48.03,3,48.04,10,56.33,36.33,48.03,47.92,46724.88
2016-06-28T16:55:01.127,,,48.03,3,48.04,10,56.33,36.33,,,
2016-06-28T16:55:01.127,48.04,2,48.03,3,48.04,12,56.33,36.33,96.08,47.92,46772.91
2016-06-28T16:55:01.127,,,48.03,3,48.04,12,56.33,36.33,,,
2016-06-28T16:55:01.127,,,48.03,3,48.04,11,56.33,36.33,,,
2016-06-28T16:55:01.127,,,48.03,4,48.04,11,56.33,36.33,,,
2016-06-28T16:55:01.127,,,48.03,4,48.04,8,56.33,36.33,,,
2016-06-28T16:55:01.127,,,48.03,4,48.04,3,56.33,36.33,,,
2016-06-28T16:55:01.127,,,48.03,4,48.04,2,56.33,36.33,,,
2016-06-28T16:55:01.125,48.03,1,48.03,5,48.04,2,56.33,36.33,48.03,47.92,46676.83
2016-06-28T16:55:01.006,,,48.03,5,48.04,2,56.33,36.33,,,
2016-06-28T16:55:01.006,48.04,1,48.03,5,48.04,3,56.33,36.33,48.04,47.92,46724.86
2016-06-28T16:55:00.976,,,48.03,5,48.04,3,56.33,36.33,,,
2016-06-28T16:55:00.957,,,48.03,4,48.04,3,56.33,36.33,,,
2016-06-28T16:55:00.957,48.03,1,48.03,5,48.04,3,56.33,36.33,48.03,47.92,46676.82
2016-06-28T16:55:00.836,,,48.03,5,48.04,3,56.33,36.33,,,
2016-06-28T16:55:00.796,,,48.03,5,48.04,2,56.33,36.33,,,
2016-06-28T16:55:00.796,48.03,1,48.03,6,48.04,2,56.33,36.33,48.03,47.92,46724.85
2016-06-28T16:55:00.777,,,48.03,6,48.04,2,56.33,36.33,,,
2016-06-28T16:55:00.777,,,48.03,6,48.05,15,56.33,36.33,,,
2016-06-28T16:55:00.777,48.03,1,48.03,7,48.05,15,56.33,36.33,48.03,47.92,46772.88
2016-06-28T16:55:00.747,,,48.03,7,48.05,15,56.33,36.33,,,
2016-06-28T16:55:00.747,48.03,1,48.03,8,48.05,15,56.33,36.33,48.03,47.92,46820.91
2016-06-28T16:55:00.727,,,48.03,8,48.05,15,56.33,36.33,,,
2016-06-28T16:55:00.727,48.03,1,48.03,9,48.05,15,56.33,36.33,48.03,47.92,46868.94
2016-06-28T16:55:00.716,,,48.03,9,48.05,15,56.33,36.33,,,
2016-06-28T16:55:00.696,,,48.03,9,48.05,16,56.33,36.33,,,
2016-06-28T16:55:00.696,,,48.03,5,48.05,16,56.33,36.33,,,
2016-06-28T16:55:00.696,,,48.03,5,48.05,18,56.33,36.33,,,
2016-06-28T16:55:00.696,48.05,2,48.03,5,48.04,1,56.33,36.33,96.10,47.92,46916.97
2016-06-28T16:55:00.695,48.04,1,48.03,5,48.04,1,56.33,36.33,48.04,47.92,46820.87
2016-06-28T16:55:00.677,,,48.03,5,48.04,1,56.33,36.33,,,
2016-06-28T16:55:00.677,48.04,1,48.03,5,48.04,2,56.33,36.33,48.04,47.92,46868.91
2016-06-28T16:55:00.637,,,48.03,5,48.04,2,56.33,36.33,,,
2016-06-28T16:55:00.637,,,48.03,9,48.04,2,56.33,36.33,,,
2016-06-28T16:55:00.637,,,48.03,5,48.04,2,56.33,36.33,,,
2016-06-28T16:55:00.637,,,48.03,5,48.05,15,56.33,36.33,,,
2016-06-28T16:55:00.637,,,48.03,5,48.05,16,56.33,36.33,,,
2016-06-28T16:55:00.637,48.05,1,48.03,5,48.04,1,56.33,36.33,48.05,47.92,46916.95
2016-06-28T16:55:00.627,48.04,1,48.03,5,48.04,1,56.33,36.33,48.04,47.92,46868.90
2016-06-28T16:55:00.587,,,48.03,5,48.04,1,56.33,36.33,,,
2016-06-28T16:55:00.587,,,48.03,4,48.04,1,56.33,36.33,,,
2016-06-28T16:55:00.576,48.03,1,48.03,5,48.04,1,56.33,36.33,48.03,47.92,46820.86
2016-06-28T16:55:00.424,,,48.03,5,48.04,1,56.33,36.33,,,
2016-06-28T16:55:00.416,48.04,1,48.03,5,48.04,2,56.33,36.33,48.04,47.92,46868.89
2016-06-28T16:55:00.297,,,48.03,5,48.04,2,56.33,36.33,,,
2016-06-28T16:55:00.297,,,48.03,5,48.04,5,56.33,36.33,,,
2016-06-28T16:55:00.297,,,48.03,9,48.04,5,56.33,36.33,,,
2016-06-28T16:55:00.297,,,48.03,5,48.04,5,56.33,36.33,,,
2016-06-28T16:55:00.297,,,48.03,1,48.04,5,56.33,36.33,,,
2016-06-28T16:55:00.297,,,48.02,3,48.04,5,56.33,36.33,,,
2016-06-28T16:55:00.297,,,48.03,4,48.04,5,56.33,36.33,,,
2016-06-28T16:55:00.297,,,48.03,5,48.04,5,56.33,36.33,,,
2016-06-28T16:55:00.297,,,48.03,5,48.04,2,56.33,36.33,,,
2016-06-28T16:55:00.277,,,48.03,7,48.04,2,56.33,36.33,,,
2016-06-28T16:55:00.277,,,48.03,11,48.04,2,56.33,36.33,,,
2016-06-28T16:55:00.277,,,48.03,7,48.04,2,56.33,36.33,,,
2016-06-28T16:55:00.277,,,48.03,11,48.04,2,56.33,36.33,,,
2016-06-28T16:55:00.277,,,48.03,11,48.05,10,56.33,36.33,,,
2016-06-28T16:55:00.277,,,48.03,7,48.05,10,56.33,36.33,,,
2016-06-28T16:55:00.277,,,48.03,3,48.05,10,56.33,36.33,,,
2016-06-28T16:55:00.277,,,48.03,3,48.05,11,56.33,36.33,,,
2016-06-28T16:55:00.277,,,48.03,1,48.05,11,56.33,36.33,,,
2016-06-28T16:55:00.277,,,48.02,6,48.05,11,56.33,36.33,,,
2016-06-28T16:55:00.277,,,48.02,6,48.05,13,56.33,36.33,,,
2016-06-28T16:55:00.277,,,48.02,6,48.04,7,56.33,36.33,,,
2016-06-28T16:55:00.277,48.05,1,48.02,6,48.03,2,56.33,36.33,48.05,47.92,46916.93
2016-06-28T16:55:00.277,48.05,1,48.02,6,48.03,2,56.33,36.33,48.05,47.92,46868.88
2016-06-28T16:55:00.277,48.04,7,48.02,6,48.03,2,56.33,36.33,336.28,47.92,46820.83
2016-06-28T16:55:00.277,48.03,2,48.02,6,48.03,2,56.33,36.33,96.06,47.92,46484.55
2016-06-28T16:54:59.606,,,48.02,6,48.03,2,56.33,36.33,,,
2016-06-28T16:54:59.536,,,48.02,6,48.03,3,56.33,36.33,,,
2016-06-28T16:54:59.536,,,48.02,6,48.03,2,56.33,36.33,,,
2016-06-28T16:54:59.536,48.02,1,48.02,7,48.03,2,56.33,36.33,48.02,47.92,46388.49
2016-06-28T16:54:59.536,,,48.02,7,48.03,2,56.33,36.33,,,
2016-06-28T16:54:59.536,,,48.02,7,48.03,1,56.33,36.33,,,
2016-06-28T16:54:59.527,48.02,1,48.02,8,48.03,1,56.33,36.33,48.02,47.92,46436.51
2016-06-28T16:54:58.734,,,48.02,8,48.03,1,56.33,36.33,,,
2016-06-28T16:54:58.734,,,48.02,16,48.03,1,56.33,36.33,,,
2016-06-28T16:54:58.734,,,48.02,15,48.03,1,56.33,36.33,,,
2016-06-28T16:54:58.734,,,48.02,15,48.03,2,56.33,36.33,,,
2016-06-28T16:54:58.734,,,48.02,7,48.03,2,56.33,36.33,,,
2016-06-28T16:54:58.734,,,48.02,7,48.02,1,56.33,36.33,,,
2016-06-28T16:54:58.734,48.02,1,48.01,11,48.02,1,56.33,36.33,48.02,47.92,46484.53
2016-06-28T16:54:58.734,,,48.01,11,48.02,1,56.33,36.33,,,
2016-06-28T16:54:58.734,,,48.01,7,48.02,1,56.33,36.33,,,
2016-06-28T16:54:58.727,,,48.01,3,48.02,1,56.33,36.33,,,
2016-06-28T16:54:58.727,,,48.01,3,48.03,2,56.33,36.33,,,
2016-06-28T16:54:58.727,,,48.01,7,48.03,2,56.33,36.33,,,
2016-06-28T16:54:58.727,,,48.01,7,48.03,3,56.33,36.33,,,
2016-06-28T16:54:58.727,,,48.01,3,48.03,3,56.33,36.33,,,
2016-06-28T16:54:58.727,,,48.01,3,48.03,4,56.33,36.33,,,
2016-06-28T16:54:58.727,,,48.01,1,48.03,4,56.33,36.33,,,
2016-06-28T16:54:58.727,,,48.00,16,48.03,4,56.33,36.33,,,
2016-06-28T16:54:58.727,,,48.00,16,48.03,6,56.33,36.33,,,
2016-06-28T16:54:58.727,,,48.00,16,48.02,9,56.33,36.33,,,
2016-06-28T16:54:58.725,48.03,2,48.00,16,48.01,14,56.33,36.33,96.06,47.92,46532.55
2016-06-28T16:54:58.716,48.02,9,48.00,16,48.01,14,56.33,36.33,432.18,47.92,46436.49
2016-06-28T16:54:58.716,48.01,14,48.00,16,48.01,14,56.33,36.33,672.14,47.92,46004.31
2016-06-28T16:54:58.347,,,48.00,16,48.01,14,56.33,36.33,,,
2016-06-28T16:54:58.347,48.00,1,48.00,19,48.01,14,56.33,36.33,48.00,47.92,45332.17
2016-06-28T16:54:58.337,48.00,1,48.00,19,48.01,14,56.33,36.33,48.00,47.92,45380.17
2016-06-28T16:54:58.337,48.00,3,48.00,19,48.01,14,56.33,36.33,144.00,47.92,45428.17
2016-06-28T16:54:57.117,,,48.00,19,48.01,14,56.33,36.33,,,
2016-06-28T16:54:56.837,,,48.00,20,48.01,14,56.33,36.33,,,
2016-06-28T16:54:56.427,,,48.00,20,48.01,13,56.33,36.33,,,
2016-06-28T16:54:56.416,,,48.00,20,48.01,12,56.33,36.33,,,
2016-06-28T16:54:56.416,,,48.00,20,48.01,8,56.33,36.33,,,
2016-06-28T16:54:56.416,,,48.00,21,48.01,8,56.33,36.33,,,
2016-06-28T16:54:56.416,,,48.00,22,48.01,8,56.33,36.33,,,
2016-06-28T16:54:56.416,,,48.00,22,48.02,10,56.33,36.33,,,
2016-06-28T16:54:56.416,48.01,12,48.01,12,48.02,10,56.33,36.33,576.12,47.92,45572.17
2016-06-28T16:54:56.257,,,48.01,12,48.02,10,56.33,36.33,,,
2016-06-28T16:54:56.247,48.01,1,48.01,13,48.02,10,56.33,36.33,48.01,47.92,46148.29
2016-06-28T16:54:54.397,,,48.01,13,48.02,10,56.33,36.33,,,
2016-06-28T16:54:54.387,48.01,1,48.01,14,48.02,10,56.33,36.33,48.01,47.92,46196.30
2016-06-28T16:54:54.037,,,48.01,14,48.02,10,56.33,36.33,,,
2016-06-28T16:54:54.037,48.01,3,48.01,17,48.02,10,56.33,36.33,144.03,47.92,46244.31
2016-06-28T16:54:54.037,,,48.01,17,48.02,10,56.33,36.33,,,
2016-06-28T16:54:54.037,48.01,10,48.01,27,48.02,10,56.33,36.33,480.10,47.92,46388.34
2016-06-28T16:54:54.037,,,48.01,27,48.02,10,56.33,36.33,,,
2016-06-28T16:54:54.037,48.01,36,48.01,63,48.02,10,56.33,36.33,1728.36,47.92,46868.44
2016-06-28T16:54:52.887,,,48.01,63,48.02,10,56.33,36.33,,,
2016-06-28T16:54:51.977,,,48.01,63,48.02,9,56.33,36.33,,,
2016-06-28T16:54:51.637,,,48.01,63,48.02,8,56.33,36.33,,,
2016-06-28T16:54:51.627,,,48.01,64,48.02,8,56.33,36.33,,,
2016-06-28T16:54:51.627,,,48.01,64,48.02,7,56.33,36.33,,,
2016-06-28T16:54:51.477,,,48.01,64,48.02,3,56.33,36.33,,,
2016-06-28T16:54:51.467,48.01,17,48.01,81,48.02,3,56.33,36.33,816.17,47.92,48596.80
2016-06-28T16:54:43.716,,,48.01,81,48.02,3,56.33,36.33,,,
2016-06-28T16:54:43.716,,,48.01,81,48.02,2,56.33,36.33,,,
2016-06-28T16:54:43.716,,,48.01,82,48.02,2,56.33,36.33,,,
2016-06-28T16:54:43.716,,,48.01,83,48.02,2,56.33,36.33,,,
2016-06-28T16:54:43.716,,,48.01,83,48.03,6,56.33,36.33,,,
2016-06-28T16:54:43.716,,,48.01,93,48.03,6,56.33,36.33,,,
2016-06-28T16:54:43.716,48.01,10,48.02,6,48.03,6,56.33,36.33,480.10,47.92,49412.97
2016-06-28T16:54:43.716,48.02,6,48.02,6,48.03,6,56.33,36.33,288.12,47.92,49893.07
2016-06-28T16:54:43.687,,,48.02,6,48.03,6,56.33,36.33,,,
2016-06-28T16:54:43.027,,,48.02,5,48.03,6,56.33,36.33,,,
2016-06-28T16:54:43.027,48.02,1,48.02,6,48.03,6,56.33,36.33,48.02,47.92,50181.19
2016-06-28T16:54:42.886,,,48.02,6,48.03,6,56.33,36.33,,,
2016-06-28T16:54:42.747,,,48.02,7,48.03,6,56.33,36.33,,,
2016-06-28T16:54:42.747,,,48.02,7,48.03,5,56.33,36.33,,,
2016-06-28T16:54:38.617,,,48.02,8,48.03,5,56.33,36.33,,,
2016-06-28T16:54:36.717,,,48.02,8,48.03,8,56.33,36.33,,,
2016-06-28T16:54:36.717,,,48.02,8,48.03,9,56.33,36.33,,,
2016-06-28T16:54:29.766,,,48.02,7,48.03,9,56.33,36.33,,,
2016-06-28T16:54:29.066,,,48.02,6,48.03,9,56.33,36.33,,,
2016-06-28T16:54:28.616,,,48.02,6,48.03,8,56.33,36.33,,,
2016-06-28T16:54:28.607,48.03,7,48.02,6,48.03,15,56.33,36.33,336.21,47.92,50229.21
2016-06-28T16:54:26.747,,,48.02,6,48.03,15,56.33,36.33,,,
2016-06-28T16:54:23.777,,,48.02,5,48.03,15,56.33,36.33,,,
2016-06-28T16:54:23.777,,,48.02,5,48.03,14,56.33,36.33,,,
2016-06-28T16:54:23.766,48.03,2,48.02,5,48.03,16,56.33,36.33,96.06,47.92,49893.00
2016-06-28T16:54:23.647,,,48.02,5,48.03,16,56.33,36.33,,,
2016-06-28T16:54:23.636,48.03,2,48.02,5,48.03,18,56.33,36.33,96.06,47.92,49796.94
2016-06-28T16:54:20.999,,,48.02,5,48.03,18,56.33,36.33,,,
2016-06-28T16:54:20.387,,,48.02,4,48.03,18,56.33,36.33,,,
2016-06-28T16:54:19.247,,,48.02,4,48.03,15,56.33,36.33,,,
2016-06-28T16:54:18.357,,,48.02,4,48.03,16,56.33,36.33,,,
2016-06-28T16:54:17.895,,,48.02,5,48.03,16,56.33,36.33,,,
2016-06-28T16:54:17.887,,,48.02,5,48.03,17,56.33,36.33,,,
2016-06-28T16:54:17.887,,,48.02,5,48.03,18,56.33,36.33,,,
2016-06-28T16:54:17.887,,,48.02,1,48.03,18,56.33,36.33,,,
2016-06-28T16:54:17.887,,,48.02,1,48.03,19,56.33,36.33,,,
2016-06-28T16:54:17.887,,,48.02,1,48.02,9,56.33,36.33,,,
2016-06-28T16:54:17.885,48.02,9,48.01,92,48.02,9,56.33,36.33,432.18,47.92,49700.88
2016-06-28T16:54:17.147,,,48.01,92,48.02,9,56.33,36.33,,,
2016-06-28T16:54:17.147,,,48.01,92,48.02,10,56.33,36.33,,,
2016-06-28T16:54:17.147,,,48.01,92,48.02,11,56.33,36.33,,,
2016-06-28T16:54:17.077,,,48.01,92,48.02,12,56.33,36.33,,,
2016-06-28T16:54:15.807,,,48.01,92,48.02,8,56.33,36.33,,,
2016-06-28T16:54:15.807,,,48.01,92,48.02,7,56.33,36.33,,,
2016-06-28T16:54:15.807,,,48.01,92,48.02,3,56.33,36.33,,,
2016-06-28T16:54:15.807,,,48.01,92,48.02,4,56.33,36.33,,,
2016-06-28T16:54:15.807,48.02,20,48.01,92,48.02,14,56.33,36.33,960.40,47.92,49268.70
2016-06-28T16:54:13.357,,,48.01,92,48.02,14,56.33,36.33,,,
2016-06-28T16:54:11.257,,,48.01,92,48.02,13,56.33,36.33,,,
2016-06-28T16:54:11.257,48.02,1,48.01,92,48.02,14,56.33,36.33,48.02,47.92,48308.30
2016-06-28T16:54:11.257,48.02,2,48.01,92,48.02,14,56.33,36.33,96.04,47.92,48260.28
2016-06-28T16:54:09.476,,,48.01,92,48.02,14,56.33,36.33,,,
2016-06-28T16:54:08.477,,,48.01,92,48.02,15,56.33,36.33,,,
2016-06-28T16:54:08.087,,,48.01,91,48.02,15,56.33,36.33,,,
2016-06-28T16:54:07.999,,,48.01,92,48.02,15,56.33,36.33,,,
2016-06-28T16:54:07.876,,,48.01,92,48.02,14,56.33,36.33,,,
2016-06-28T16:54:07.797,,,48.01,92,48.02,15,56.33,36.33,,,
2016-06-28T16:54:06.937,,,48.01,92,48.02,14,56.33,36.33,,,
2016-06-28T16:54:05.897,,,48.01,91,48.02,14,56.33,36.33,,,
2016-06-28T16:54:05.266,,,48.01,91,48.02,13,56.33,36.33,,,
2016-06-28T16:54:05.255,48.01,2,48.01,93,48.02,13,56.33,36.33,96.02,47.92,48164.24
2016-06-28T16:54:04.617,,,48.01,93,48.02,13,56.33,36.33,,,
2016-06-28T16:54:04.605,48.02,3,48.01,94,48.02,13,56.33,36.33,144.06,47.92,48260.26
2016-06-28T16:54:03.247,,,48.01,94,48.02,13,56.33,36.33,,,
2016-06-28T16:54:03.216,,,48.01,93,48.02,13,56.33,36.33,,,
2016-06-28T16:54:02.999,,,48.01,91,48.02,13,56.33,36.33,,,
2016-06-28T16:54:02.586,,,48.01,91,48.02,12,56.33,36.33,,,
2016-06-28T16:54:02.586,,,48.01,93,48.02,12,56.33,36.33,,,
2016-06-28T16:54:02.586,,,48.01,93,48.02,11,56.33,36.33,,,
2016-06-28T16:54:02.586,,,48.01,93,48.02,10,56.33,36.33,,,
2016-06-28T16:54:02.586,,,48.01,93,48.02,6,56.33,36.33,,,
2016-06-28T16:54:02.586,,,48.01,93,48.02,2,56.33,36.33,,,
2016-06-28T16:54:02.586,,,48.01,93,48.02,1,56.33,36.33,,,
2016-06-28T16:54:01.837,,,48.01,93,48.03,15,56.33,36.33,,,
2016-06-28T16:54:01.827,48.01,1,48.01,94,48.03,15,56.33,36.33,48.01,47.92,48116.20
2016-06-28T16:54:01.827,,,48.01,94,48.03,15,56.33,36.33,,,
2016-06-28T16:54:01.447,,,48.01,94,48.03,14,56.33,36.33,,,
2016-06-28T16:54:01.427,48.01,1,48.01,95,48.03,14,56.33,36.33,48.01,47.92,48164.21
2016-06-28T16:54:00.106,,,48.01,95,48.03,14,56.33,36.33,,,
2016-06-28T16:54:00.106,48.01,31,48.01,126,48.03,14,56.33,36.33,1488.31,47.92,48212.22
2016-06-28T16:53:58.897,,,48.01,126,48.03,14,56.33,36.33,,,
2016-06-28T16:53:58.887,48.03,1,48.01,126,48.03,15,56.33,36.33,48.03,47.92,49700.53
2016-06-28T16:53:58.777,,,48.01,126,48.03,15,56.33,36.33,,,
2016-06-28T16:53:58.766,,,48.01,124,48.03,15,56.33,36.33,,,
2016-06-28T16:53:58.766,,,48.01,126,48.03,15,56.33,36.33,,,
2016-06-28T16:53:58.766,,,48.01,126,48.03,14,56.33,36.33,,,
2016-06-28T16:53:58.766,,,48.01,127,48.03,14,56.33,36.33,,,
2016-06-28T16:53:58.766,,,48.01,125,48.03,14,56.33,36.33,,,
2016-06-28T16:53:58.766,,,48.01,126,48.03,14,56.33,36.33,,,
2016-06-28T16:53:58.766,,,48.01,126,48.03,10,56.33,36.33,,,
2016-06-28T16:53:58.766,,,48.02,1,48.03,10,56.33,36.33,,,
2016-06-28T16:53:58.757,48.02,4,48.02,5,48.03,10,56.33,36.33,192.08,47.92,49652.50
2016-06-28T16:53:58.547,,,48.02,5,48.03,10,56.33,36.33,,,
2016-06-28T16:53:58.547,,,48.02,8,48.03,10,56.33,36.33,,,
2016-06-28T16:53:58.547,,,48.02,8,48.03,9,56.33,36.33,,,
2016-06-28T16:53:58.547,,,48.02,7,48.03,9,56.33,36.33,,,
2016-06-28T16:53:58.547,,,48.02,7,48.03,10,56.33,36.33,,,
2016-06-28T16:53:58.545,48.02,2,48.02,9,48.03,10,56.33,36.33,96.04,47.92,49844.58
2016-06-28T16:53:55.685,,,48.02,9,48.03,10,56.33,36.33,,,
2016-06-28T16:53:55.357,,,48.02,9,48.03,9,56.33,36.33,,,
2016-06-28T16:53:55.357,48.03,5,48.02,9,48.03,10,56.33,36.33,240.15,47.92,49940.62
2016-06-28T16:53:55.347,,,48.02,9,48.03,10,56.33,36.33,,,
2016-06-28T16:53:52.156,,,48.02,8,48.03,10,56.33,36.33,,,
2016-06-28T16:53:52.134,,,48.02,8,48.03,9,56.33,36.33,,,
2016-06-28T16:53:51.999,,,48.02,9,48.03,9,56.33,36.33,,,
2016-06-28T16:53:51.745,,,48.02,9,48.03,8,56.33,36.33,,,
2016-06-28T16:53:51.166,,,48.02,9,48.03,7,56.33,36.33,,,
2016-06-28T16:53:51.166,,,48.02,9,48.03,3,56.33,36.33,,,
2016-06-28T16:53:51.166,,,48.02,9,48.03,1,56.33,36.33,,,
2016-06-28T16:53:51.166,,,48.02,9,48.04,10,56.33,36.33,,,
2016-06-28T16:53:51.166,,,48.02,10,48.04,10,56.33,36.33,,,
2016-06-28T16:53:51.147,48.02,10,48.02,20,48.04,10,56.33,36.33,480.20,47.92,49700.47
2016-06-28T16:53:50.096,,,48.02,20,48.04,10,56.33,36.33,,,
2016-06-28T16:53:49.507,,,48.02,23,48.04,10,56.33,36.33,,,
2016-06-28T16:53:49.507,48.02,4,48.02,27,48.04,10,56.33,36.33,192.08,47.92,50180.67
2016-06-28T16:53:49.166,,,48.02,27,48.04,10,56.33,36.33,,,
2016-06-28T16:53:47.747,,,48.02,27,48.03,1,56.33,36.33,,,
2016-06-28T16:53:47.367,,,48.02,22,48.03,1,56.33,36.33,,,
2016-06-28T16:53:43.887,,,48.02,23,48.03,1,56.33,36.33,,,
2016-06-28T16:53:42.867,,,48.02,22,48.03,1,56.33,36.33,,,
2016-06-28T16:53:42.867,,,48.02,23,48.03,1,56.33,36.33,,,
2016-06-28T16:53:42.687,,,48.02,24,48.03,1,56.33,36.33,,,
2016-06-28T16:53:42.587,48.03,2,48.02,23,48.03,1,56.33,36.33,96.06,47.92,50372.75
2016-06-28T16:53:42.577,48.03,5,48.02,23,48.03,1,56.33,36.33,240.15,47.92,50276.69
2016-06-28T16:53:40.957,,,48.02,23,48.03,1,56.33,36.33,,,
2016-06-28T16:53:40.957,,,48.02,24,48.03,1,56.33,36.33,,,
2016-06-28T16:53:40.957,,,48.02,24,48.04,8,56.33,36.33,,,
2016-06-28T16:53:40.945,48.03,2,48.03,2,48.04,8,56.33,36.33,96.06,47.92,50036.54
2016-06-28T16:53:40.126,,,48.03,2,48.04,8,56.33,36.33,,,
2016-06-28T16:53:40.116,,,48.03,2,48.04,9,56.33,36.33,,,
2016-06-28T16:53:40.116,,,48.02,23,48.04,9,56.33,36.33,,,
2016-06-28T16:53:40.107,48.02,3,48.02,26,48.04,9,56.33,36.33,144.06,47.92,49940.48
2016-06-28T16:53:38.477,,,48.02,26,48.04,9,56.33,36.33,,,
2016-06-28T16:53:37.617,,,48.02,25,48.04,9,56.33,36.33,,,
2016-06-28T16:53:37.227,,,48.02,26,48.04,9,56.33,36.33,,,
2016-06-28T16:53:37.227,,,48.02,26,48.04,8,56.33,36.33,,,
2016-06-28T16:53:37.066,,,48.03,1,48.04,8,56.33,36.33,,,
2016-06-28T16:53:37.066,,,48.03,1,48.04,9,56.33,36.33,,,
2016-06-28T16:53:36.316,,,48.02,26,48.04,9,56.33,36.33,,,
2016-06-28T16:53:36.306,48.03,2,48.02,26,48.03,2,56.33,36.33,96.06,47.92,50084.54
2016-06-28T16:53:34.636,,,48.02,26,48.03,2,56.33,36.33,,,
2016-06-28T16:53:34.626,,,48.02,23,48.03,2,56.33,36.33,,,
2016-06-28T16:53:34.626,48.03,1,48.02,23,48.03,3,56.33,36.33,48.03,47.92,49988.48
2016-06-28T16:53:34.626,,,48.02,23,48.03,3,56.33,36.33,,,
2016-06-28T16:53:34.626,,,48.02,24,48.03,3,56.33,36.33,,,
2016-06-28T16:53:34.626,,,48.02,24,48.04,8,56.33,36.33,,,
2016-06-28T16:53:34.615,48.03,1,48.03,1,48.04,8,56.33,36.33,48.03,47.92,49940.45
2016-06-28T16:53:28.767,,,48.03,1,48.04,8,56.33,36.33,,,
2016-06-28T16:53:28.767,,,48.02,19,48.04,8,56.33,36.33,,,
2016-06-28T16:53:28.767,,,48.02,19,48.04,9,56.33,36.33,,,
2016-06-28T16:53:28.767,,,48.02,19,48.04,8,56.33,36.33,,,
2016-06-28T16:53:28.767,,,48.02,21,48.04,8,56.33,36.33,,,
2016-06-28T16:53:28.767,,,48.02,22,48.04,8,56.33,36.33,,,
2016-06-28T16:53:28.767,,,48.02,22,48.04,7,56.33,36.33,,,
2016-06-28T16:53:28.767,,,48.02,22,48.04,6,56.33,36.33,,,
2016-06-28T16:53:28.767,,,48.02,23,48.04,6,56.33,36.33,,,
2016-06-28T16:53:28.756,48.02,1,48.03,3,48.04,6,56.33,36.33,48.02,47.92,49892.42
2016-06-28T16:53:28.756,48.03,3,48.03,3,48.04,6,56.33,36.33,144.09,47.92,49940.44
2016-06-28T16:53:28.427,,,48.03,3,48.04,6,56.33,36.33,,,
2016-06-28T16:53:28.417,48.03,1,48.03,4,48.04,6,56.33,36.33,48.03,47.92,50084.53
2016-06-28T16:53:27.337,,,48.03,4,48.04,6,56.33,36.33,,,
2016-06-28T16:53:27.327,48.03,1,48.03,5,48.04,6,56.33,36.33,48.03,47.92,50132.56
2016-06-28T16:53:25.146,48.04,1,48.03,5,48.04,6,56.33,36.33,48.04,47.92,50180.59
2016-06-28T16:53:24.687,,,48.03,5,48.04,6,56.33,36.33,,,
2016-06-28T16:53:24.687,48.03,1,48.03,6,48.04,6,56.33,36.33,48.03,47.92,50132.55
2016-06-28T16:53:22.757,,,48.03,6,48.04,6,56.33,36.33,,,
2016-06-28T16:53:20.916,,,48.03,5,48.04,6,56.33,36.33,,,
2016-06-28T16:53:18.517,48.04,1,48.03,6,48.04,6,56.33,36.33,48.04,47.92,50180.58
2016-06-28T16:53:18.517,,,48.03,6,48.04,6,56.33,36.33,,,
2016-06-28T16:53:18.517,,,48.03,5,48.04,6,56.33,36.33,,,
2016-06-28T16:53:18.507,48.04,4,48.03,5,48.04,9,56.33,36.33,192.16,47.92,50228.62
2016-06-28T16:53:16.846,,,48.03,5,48.04,9,56.33,36.33,,,
2016-06-28T16:53:14.997,,,48.03,5,48.04,6,56.33,36.33,,,
2016-06-28T16:53:14.995,,,48.03,6,48.04,6,56.33,36.33,,,
2016-06-28T16:53:14.927,,,48.03,5,48.04,6,56.33,36.33,,,
2016-06-28T16:53:14.927,,,48.03,5,48.04,5,56.33,36.33,,,
2016-06-28T16:53:14.927,,,48.03,6,48.04,5,56.33,36.33,,,
2016-06-28T16:53:14.927,,,48.03,6,48.04,4,56.33,36.33,,,
2016-06-28T16:53:14.927,,,48.03,5,48.04,4,56.33,36.33,,,
2016-06-28T16:53:14.927,,,48.03,3,48.04,4,56.33,36.33,,,
2016-06-28T16:53:14.927,,,48.03,3,48.04,3,56.33,36.33,,,
2016-06-28T16:53:14.927,,,48.03,3,48.04,1,56.33,36.33,,,
2016-06-28T16:53:14.927,,,48.03,3,48.05,9,56.33,36.33,,,
2016-06-28T16:53:14.927,48.04,2,48.04,2,48.05,9,56.33,36.33,96.08,47.92,50420.78
2016-06-28T16:53:14.927,,,48.04,2,48.05,9,56.33,36.33,,,
2016-06-28T16:53:14.927,,,48.04,2,48.05,10,56.33,36.33,,,
2016-06-28T16:53:14.927,,,48.04,2,48.05,11,56.33,36.33,,,
2016-06-28T16:53:13.187,,,48.04,2,48.05,12,56.33,36.33,,,
2016-06-28T16:53:13.187,,,48.04,2,48.05,13,56.33,36.33,,,
2016-06-28T16:53:13.187,48.04,1,48.04,3,48.05,13,56.33,36.33,48.04,47.92,50516.86
2016-06-28T16:53:13.187,,,48.04,3,48.05,13,56.33,36.33,,,
2016-06-28T16:53:13.187,,,48.04,3,48.05,12,56.33,36.33,,,
2016-06-28T16:53:13.177,48.04,3,48.04,6,48.05,12,56.33,36.33,144.12,47.92,50564.90
2016-06-28T16:53:10.127,,,48.04,6,48.05,12,56.33,36.33,,,
2016-06-28T16:53:10.127,,,48.04,6,48.05,13,56.33,36.33,,,
2016-06-28T16:53:10.117,48.04,3,48.04,9,48.05,13,56.33,36.33,144.12,47.92,50709.02
2016-06-28T16:53:03.077,,,48.04,9,48.05,13,56.33,36.33,,,
2016-06-28T16:53:01.777,,,48.04,9,48.05,12,56.33,36.33,,,
2016-06-28T16:53:01.467,,,48.04,8,48.05,12,56.33,36.33,,,
2016-06-28T16:53:01.467,,,48.04,8,48.05,13,56.33,36.33,,,
2016-06-28T16:52:54.577,,,48.04,7,48.05,13,56.33,36.33,,,
2016-06-28T16:52:49.067,,,48.04,7,48.05,12,56.33,36.33,,,
2016-06-28T16:52:47.617,,,48.04,7,48.05,11,56.33,36.33,,,
2016-06-28T16:52:41.557,,,48.04,6,48.05,11,56.33,36.33,,,
2016-06-28T16:52:41.547,48.04,1,48.04,7,48.05,11,56.33,36.33,48.04,47.92,50853.14
2016-06-28T16:52:35.875,,,48.04,7,48.05,11,56.33,36.33,,,
2016-06-28T16:52:32.777,,,48.04,7,48.05,6,56.33,36.33,,,
2016-06-28T16:52:32.427,,,48.04,7,48.05,5,56.33,36.33,,,
2016-06-28T16:52:32.427,48.05,1,48.04,7,48.05,6,56.33,36.33,48.05,47.92,50901.18
2016-06-28T16:52:29.167,,,48.04,7,48.05,6,56.33,36.33,,,
2016-06-28T16:52:29.167,48.04,1,48.04,8,48.05,6,56.33,36.33,48.04,47.92,50853.13
2016-06-28T16:52:26.786,,,48.04,8,48.05,6,56.33,36.33,,,
2016-06-28T16:52:26.775,48.05,1,48.04,8,48.05,7,56.33,36.33,48.05,47.92,50901.17
2016-06-28T16:52:25.266,,,48.04,8,48.05,7,56.33,36.33,,,
2016-06-28T16:52:24.586,,,48.04,8,48.05,8,56.33,36.33,,,
2016-06-28T16:52:24.576,48.05,1,48.04,8,48.05,9,56.33,36.33,48.05,47.92,50853.12
2016-06-28T16:52:23.136,,,48.04,8,48.05,9,56.33,36.33,,,
2016-06-28T16:52:20.267,,,48.04,8,48.05,8,56.33,36.33,,,
2016-06-28T16:52:17.967,,,48.04,4,48.05,8,56.33,36.33,,,
2016-06-28T16:52:11.587,,,48.04,4,48.05,7,56.33,36.33,,,
2016-06-28T16:52:11.587,,,48.04,2,48.05,7,56.33,36.33,,,
2016-06-28T16:52:11.587,,,48.03,9,48.05,7,56.33,36.33,,,
2016-06-28T16:52:11.587,,,48.03,10,48.05,7,56.33,36.33,,,
2016-06-28T16:52:11.587,,,48.03,8,48.05,7,56.33,36.33,,,
2016-06-28T16:52:11.587,48.04,2,48.03,8,48.04,2,56.33,36.33,96.08,47.92,50805.07
2016-06-28T16:52:11.587,,,48.03,8,48.04,2,56.33,36.33,,,
2016-06-28T16:52:11.587,,,48.03,9,48.04,2,56.33,36.33,,,
2016-06-28T16:52:11.585,,,48.03,9,48.05,7,56.33,36.33,,,
2016-06-28T16:52:11.567,48.04,8,48.04,8,48.05,7,56.33,36.33,384.32,47.92,50901.15
2016-06-28T16:52:06.999,,,48.04,8,48.05,7,56.33,36.33,,,
2016-06-28T16:52:03.516,,,48.04,7,48.05,7,56.33,36.33,,,
2016-06-28T16:52:03.516,,,48.04,6,48.05,7,56.33,36.33,,,
2016-06-28T16:52:03.507,48.05,7,48.04,6,48.05,9,56.33,36.33,336.35,47.92,51285.47
2016-06-28T16:52:01.907,,,48.04,6,48.05,9,56.33,36.33,,,
2016-06-28T16:52:00.627,,,48.04,5,48.05,9,56.33,36.33,,,
2016-06-28T16:52:00.627,,,48.04,6,48.05,9,56.33,36.33,,,
2016-06-28T16:52:00.617,,,48.04,6,48.05,8,56.33,36.33,,,
2016-06-28T16:52:00.617,,,48.04,6,48.05,7,56.33,36.33,,,
2016-06-28T16:51:59.486,,,48.04,6,48.05,6,56.33,36.33,,,
2016-06-28T16:51:58.766,,,48.04,6,48.05,5,56.33,36.33,,,
2016-06-28T16:51:58.666,,,48.04,6,48.05,4,56.33,36.33,,,
2016-06-28T16:51:58.507,,,48.04,6,48.05,5,56.33,36.33,,,
2016-06-28T16:51:58.507,,,48.04,6,48.05,4,56.33,36.33,,,
2016-06-28T16:51:58.447,,,48.04,7,48.05,4,56.33,36.33,,,
2016-06-28T16:51:58.447,,,48.04,6,48.05,4,56.33,36.33,,,
2016-06-28T16:51:58.287,,,48.04,6,48.05,5,56.33,36.33,,,
2016-06-28T16:51:58.247,,,48.04,5,48.05,5,56.33,36.33,,,
2016-06-28T16:51:58.247,,,48.04,6,48.05,5,56.33,36.33,,,
2016-06-28T16:51:58.216,,,48.04,5,48.05,5,56.33,36.33,,,
2016-06-28T16:51:58.216,,,48.04,4,48.05,5,56.33,36.33,,,
2016-06-28T16:51:58.216,,,48.04,5,48.05,5,56.33,36.33,,,
2016-06-28T16:51:58.216,,,48.04,6,48.05,5,56.33,36.33,,,
2016-06-28T16:51:58.207,48.05,2,48.04,6,48.05,6,56.33,36.33,96.10,47.92,50949.12
2016-06-28T16:51:58.207,,,48.04,6,48.05,6,56.33,36.33,,,
2016-06-28T16:51:58.207,,,48.04,5,48.05,6,56.33,36.33,,,
2016-06-28T16:51:54.376,,,48.04,4,48.05,6,56.33,36.33,,,
2016-06-28T16:51:52.245,,,48.04,5,48.05,6,56.33,36.33,,,
2016-06-28T16:51:51.945,,,48.04,6,48.05,6,56.33,36.33,,,
2016-06-28T16:51:51.945,,,48.04,6,48.05,5,56.33,36.33,,,
2016-06-28T16:51:51.945,,,48.04,7,48.05,5,56.33,36.33,,,
2016-06-28T16:51:51.945,,,48.04,7,48.05,1,56.33,36.33,,,
2016-06-28T16:51:51.945,,,48.04,7,48.06,16,56.33,36.33,,,
2016-06-28T16:51:51.945,,,48.04,8,48.06,16,56.33,36.33,,,
2016-06-28T16:51:51.945,,,48.04,9,48.06,16,56.33,36.33,,,
2016-06-28T16:51:51.945,,,48.04,9,48.06,17,56.33,36.33,,,
